1363351723,180.000000000000,5.000000000000
1363351723,180.000000000000,5.000000000000
1363351760,181.000000000000,5.000000000000
1363351760,181.000000000000,5.000000000000
1363380940,181.000000000000,1.000000000000
1363380940,181.000000000000,1.000000000000
1363390129,185.000000000000,5.000000000000
1363390129,185.000000000000,5.000000000000
1363498421,178.000000000000,8.000000000000
1363498421,178.000000000000,8.000000000000
1363527007,177.000000000000,3.000000000000
1363527007,177.000000000000,3.000000000000
1363564500,174.000000000000,2.000000000000
1363564500,174.000000000000,2.000000000000
1363600056,173.000000000000,3.000000000000
1363600056,173.000000000000,3.000000000000
1363641202,173.500000000000,2.000000000000
1363641202,173.500000000000,2.000000000000
1363685911,190.000000000000,2.000000000000
1363685911,190.000000000000,2.000000000000
1363698301,188.000000000000,2.000000000000
1363698301,188.000000000000,2.000000000000
1363720047,191.000000000000,2.000000000000
1363720047,191.000000000000,2.000000000000
1363721662,200.000000000000,1.000000000000
1363721662,200.000000000000,1.000000000000
1363721776,200.000000000000,0.050000000000
1363721776,200.000000000000,0.050000000000
1363775121,213.000000000000,4.694835680000
1363775121,213.000000000000,4.694835680000
1363795770,219.000000000000,2.000000000000
1363795770,219.000000000000,2.000000000000
1363819850,195.000000000000,2.000000000000
1363819850,195.000000000000,2.000000000000
1363819909,195.000000000000,5.000000000000
1363819909,195.000000000000,5.000000000000
1363854693,236.000000000000,2.000000000000
1363854693,236.000000000000,2.000000000000
1363938180,262.000000000000,1.000000000000
1363938181,262.000000000000,1.000000000000
1363941709,262.000000000000,1.500000000000
1363941709,262.000000000000,1.500000000000
1363943351,262.000000000000,22.900763350000
1363943351,262.000000000000,22.900763350000
1363951088,262.000000000000,3.000000000000
1363951088,262.000000000000,3.000000000000
1363951208,262.000000000000,0.816793890000
1363951208,262.000000000000,0.816793890000
1364034682,222.000000000000,5.000000000000
1364034682,222.000000000000,5.000000000000
1364034711,222.000000000000,5.000000000000
1364034711,222.000000000000,5.000000000000
1364057391,238.000000000000,2.000000000000
1364057391,238.000000000000,2.000000000000
1364137604,258.000000000000,6.000000000000
1364137604,258.000000000000,6.000000000000
1364204697,259.000000000000,1.000000000000
1364204697,259.000000000000,1.000000000000
1364216811,259.000000000000,1.000000000000
1364216811,259.000000000000,1.000000000000
1364298603,265.000000000000,1.000000000000
1364298603,265.000000000000,1.000000000000
1364311328,279.000000000000,3.000000000000
1364311328,279.000000000000,3.000000000000
1364311395,285.000000000000,1.000000000000
1364311395,285.000000000000,1.000000000000
1364311405,300.000000000000,2.000000000000
1364311405,300.000000000000,2.000000000000
1364313313,270.000000000000,4.000000000000
1364313313,270.000000000000,4.000000000000
1364313317,250.000000000000,6.000000000000
1364313317,250.000000000000,6.000000000000
1364313420,250.000000000000,9.000000000000
1364313420,250.000000000000,9.000000000000
1364378645,310.000000000000,1.000000000000
1364378645,310.000000000000,1.000000000000
1364378646,313.000000000000,5.000000000000
1364378646,313.000000000000,5.000000000000
1364378646,315.000000000000,2.000000000000
1364378646,315.000000000000,2.000000000000
1364378646,315.000000000000,3.576923070000
1364378646,315.000000000000,3.576923070000
1364415245,305.000000000000,0.500000000000
1364415245,305.000000000000,0.500000000000
1364422741,305.000000000000,0.032787000000
1364422741,305.000000000000,0.032787000000
1364423556,305.000000000000,0.100000000000
1364423556,305.000000000000,0.100000000000
1364425270,306.000000000000,0.100000000000
1364425270,306.000000000000,0.100000000000
1364425306,307.000000000000,0.032573000000
1364425306,307.000000000000,0.032573000000
1364431576,300.000000000000,0.034000000000
1364431576,300.000000000000,0.034000000000
1364431763,290.000000000000,0.035000000000
1364431763,290.000000000000,0.035000000000
1364455981,330.000000000000,0.300000000000
1364455981,330.000000000000,0.300000000000
1364455986,335.000000000000,0.050000000000
1364455986,335.000000000000,0.050000000000
1364455987,335.000000000000,0.300000000000
1364455987,335.000000000000,0.300000000000
1364455987,335.000000000000,0.110767830000
1364455987,335.000000000000,0.110767830000
1364456254,340.000000000000,1.000000000000
1364456254,340.000000000000,1.000000000000
1364462854,345.000000000000,1.000000000000
1364462854,345.000000000000,1.000000000000
1364463189,350.000000000000,1.000000000000
1364463189,350.000000000000,1.000000000000
1364463559,350.000000000000,0.871428570000
1364463559,350.000000000000,0.871428570000
1364463879,350.000000000000,0.128571420000
1364463879,350.000000000000,0.128571420000
1364463880,350.000000000000,0.040000000000
1364463880,350.000000000000,0.040000000000
1364463933,357.000000000000,2.605042010000
1364463933,357.000000000000,2.605042010000
1364473510,357.000000000000,0.394957980000
1364473510,357.000000000000,0.394957980000
1364473533,360.000000000000,5.000000000000
1364473533,360.000000000000,5.000000000000
1364473581,370.000000000000,3.000000000000
1364473581,370.000000000000,3.000000000000
1364474136,360.000000000000,6.944444440000
1364474136,360.000000000000,6.944444440000
1364474203,360.000000000000,1.247222220000
1364474203,360.000000000000,1.247222220000
1364475664,360.000000000000,1.416666660000
1364475664,360.000000000000,1.416666660000
1364480752,350.000000000000,1.000000000000
1364480752,350.000000000000,1.000000000000
1364488127,360.000000000000,0.391666650000
1364488127,360.000000000000,0.391666650000
1364488128,360.000000000000,0.990000000000
1364488128,360.000000000000,0.990000000000
1364490150,359.000000000000,1.450000000000
1364490150,359.000000000000,1.450000000000
1364537131,342.000000000000,2.000000000000
1364537131,342.000000000000,2.000000000000
1364543778,350.000000000000,0.028571420000
1364543778,350.000000000000,0.028571420000
1364550454,350.000000000000,0.971428570000
1364550454,350.000000000000,0.971428570000
1364550752,355.900000000000,3.000000000000
1364550752,355.900000000000,3.000000000000
1364550889,356.500000000000,2.000000000000
1364550889,356.500000000000,2.000000000000
1364551834,358.000000000000,3.000000000000
1364551834,358.000000000000,3.000000000000
1364552290,354.000000000000,2.000000000000
1364552290,354.000000000000,2.000000000000
1364572741,365.000000000000,2.000000000000
1364572741,365.000000000000,2.000000000000
1364572768,366.000000000000,2.000000000000
1364572768,366.000000000000,2.000000000000
1364572790,368.000000000000,3.000000000000
1364572790,368.000000000000,3.000000000000
1364572822,370.000000000000,1.000000000000
1364572822,370.000000000000,1.000000000000
1364572822,370.000000000000,3.000000000000
1364572822,370.000000000000,3.000000000000
1364574567,375.000000000000,1.000000000000
1364574567,375.000000000000,1.000000000000
1364574584,375.000000000000,0.440000000000
1364574584,375.000000000000,0.440000000000
1364574584,375.000000000000,0.550000000000
1364574584,375.000000000000,0.550000000000
1364629781,367.000000000000,3.000000000000
1364629781,367.000000000000,3.000000000000
1364629791,366.000000000000,2.000000000000
1364629791,366.000000000000,2.000000000000
1364629795,365.000000000000,3.000000000000
1364629795,365.000000000000,3.000000000000
1364629833,360.000000000000,2.000000000000
1364629833,360.000000000000,2.000000000000
1364630152,350.000000000000,2.000000000000
1364630152,350.000000000000,2.000000000000
1364630154,350.000000000000,5.860800000000
1364630154,350.000000000000,5.860800000000
1364630158,349.000000000000,2.000000000000
1364630158,349.000000000000,2.000000000000
1364642259,351.000000000000,1.000000000000
1364642259,351.000000000000,1.000000000000
1364690184,375.000000000000,1.330000000000
1364690184,375.000000000000,1.330000000000
1364692759,365.000000000000,2.000000000000
1364692759,365.000000000000,2.000000000000
1364700206,365.000000000000,11.616438350000
1364700206,365.000000000000,11.616438350000
1364731762,352.000000000000,0.030000000000
1364731762,352.000000000000,0.030000000000
1364731763,352.000000000000,4.000000000000
1364731763,352.000000000000,4.000000000000
1364732074,367.000000000000,2.000000000000
1364732074,367.000000000000,2.000000000000
1364732075,368.000000000000,2.000000000000
1364732075,368.000000000000,2.000000000000
1364732075,370.000000000000,2.000000000000
1364732075,370.000000000000,2.000000000000
1364751064,351.000000000000,0.500000000000
1364751064,351.000000000000,0.500000000000
1364754845,374.000000000000,0.101604270000
1364754845,374.000000000000,0.101604270000
1364813503,354.000000000000,10.000000000000
1364813503,354.000000000000,10.000000000000
1364818258,354.000000000000,0.084745760000
1364818258,354.000000000000,0.084745760000
1364818895,354.000000000000,0.915254230000
1364818895,354.000000000000,0.915254230000
1364818916,359.000000000000,2.000000000000
1364818916,359.000000000000,2.000000000000
1364829683,365.000000000000,3.000000000000
1364829683,365.000000000000,3.000000000000
1364840898,382.000000000000,0.500000000000
1364840898,382.000000000000,0.500000000000
1364851850,382.000000000000,1.500000000000
1364851850,382.000000000000,1.500000000000
1364851873,384.000000000000,2.000000000000
1364851873,384.000000000000,2.000000000000
1364864938,379.000000000000,1.732120000000
1364864938,379.000000000000,1.732120000000
1364864939,379.000000000000,1.721727280000
1364864939,379.000000000000,1.721727280000
1364864939,379.000000000000,0.546152720000
1364864939,379.000000000000,0.546152720000
1364866473,390.000000000000,1.000000000000
1364866473,390.000000000000,1.000000000000
1364866553,400.000000000000,1.000000000000
1364866553,400.000000000000,1.000000000000
1364866572,404.000000000000,1.000000000000
1364866572,404.000000000000,1.000000000000
1364866583,404.000000000000,1.000000000000
1364866583,404.000000000000,1.000000000000
1364866587,404.000000000000,1.000000000000
1364866587,404.000000000000,1.000000000000
1364868619,390.000000000000,0.150000000000
1364868619,390.000000000000,0.150000000000
1364868684,406.000000000000,0.146009850000
1364868684,406.000000000000,0.146009850000
1364886502,406.000000000000,1.853990140000
1364886502,406.000000000000,1.853990140000
1364886526,408.000000000000,2.000000000000
1364886526,408.000000000000,2.000000000000
1364892326,415.000000000000,2.000000000000
1364892326,415.000000000000,2.000000000000
1364892334,418.000000000000,3.000000000000
1364892334,418.000000000000,3.000000000000
1364892662,420.000000000000,1.000000000000
1364892662,420.000000000000,1.000000000000
1364892684,422.000000000000,3.000000000000
1364892684,422.000000000000,3.000000000000
1364892699,425.000000000000,0.590000000000
1364892699,425.000000000000,0.590000000000
1364917623,400.000000000000,6.058225000000
1364917623,400.000000000000,6.058225000000
1364931908,425.000000000000,2.410000000000
1364931908,425.000000000000,2.410000000000
1364940778,430.000000000000,3.000000000000
1364940778,430.000000000000,3.000000000000
1364940891,440.000000000000,0.210000000000
1364940891,440.000000000000,0.210000000000
1364974780,450.000000000000,1.000000000000
1364974780,450.000000000000,1.000000000000
1364974781,450.000000000000,1.000000000000
1364974781,450.000000000000,1.000000000000
1364974827,470.000000000000,1.000000000000
1364974827,470.000000000000,1.000000000000
1364974859,480.000000000000,1.000000000000
1364974859,480.000000000000,1.000000000000
1364974874,490.000000000000,2.346938770000
1364974874,490.000000000000,2.346938770000
1364975728,490.000000000000,0.653061220000
1364975728,490.000000000000,0.653061220000
1364975909,500.000000000000,0.359000000000
1364975909,500.000000000000,0.359000000000
1364979009,500.000000000000,0.641000000000
1364979009,500.000000000000,0.641000000000
1364979010,500.000000000000,3.000000000000
1364979010,500.000000000000,3.000000000000
1364979019,510.000000000000,3.000000000000
1364979019,510.000000000000,3.000000000000
1364979068,540.000000000000,2.000000000000
1364979068,540.000000000000,2.000000000000
1364979084,550.000000000000,2.853636360000
1364979084,550.000000000000,2.853636360000
1364983530,575.000000000000,3.000000000000
1364983530,575.000000000000,3.000000000000
1364986991,585.000000000000,2.000000000000
1364986991,585.000000000000,2.000000000000
1364990141,610.000000000000,2.000000000000
1364990141,610.000000000000,2.000000000000
1364990175,650.000000000000,2.000000000000
1364990175,650.000000000000,2.000000000000
1364990179,670.000000000000,2.000000000000
1364990179,670.000000000000,2.000000000000
1364992949,747.000000000000,1.000000000000
1364992949,747.000000000000,1.000000000000
1364992956,850.000000000000,0.700000000000
1364992956,850.000000000000,0.700000000000
1364993120,830.000000000000,0.950000000000
1364993120,830.000000000000,0.950000000000
1364993443,730.000000000000,1.000000000000
1364993443,730.000000000000,1.000000000000
1364993460,730.000000000000,1.000000000000
1364993460,730.000000000000,1.000000000000
1364993473,730.000000000000,0.090780820000
1364993473,730.000000000000,0.090780820000
1364993860,575.000000000000,1.373376650000
1364993860,575.000000000000,1.373376650000
1365000041,555.000000000000,1.000000000000
1365000041,555.000000000000,1.000000000000
1365001427,560.000000000000,0.100000000000
1365001427,560.000000000000,0.100000000000
1365007451,555.000000000000,0.090090000000
1365007451,555.000000000000,0.090090000000
1365007551,555.000000000000,0.018018000000
1365007551,555.000000000000,0.018018000000
1365024537,550.000000000000,0.323142640000
1365024537,550.000000000000,0.323142640000
1365026251,550.000000000000,2.000000000000
1365026251,550.000000000000,2.000000000000
1365037782,560.000000000000,0.625000000000
1365037782,560.000000000000,0.625000000000
1365037830,560.000000000000,0.214285710000
1365037830,560.000000000000,0.214285710000
1365038131,560.000000000000,2.000000000000
1365038131,560.000000000000,2.000000000000
1365038221,560.000000000000,0.160714280000
1365038221,560.000000000000,0.160714280000
1365038244,580.000000000000,0.200000000000
1365038244,580.000000000000,0.200000000000
1365038270,585.000000000000,0.981196580000
1365038270,585.000000000000,0.981196580000
1365061691,560.000000000000,1.000000000000
1365061691,560.000000000000,1.000000000000
1365061774,580.000000000000,1.000000000000
1365061774,580.000000000000,1.000000000000
1365061804,585.000000000000,2.018803410000
1365061804,585.000000000000,2.018803410000
1365070393,585.000000000000,1.000000000000
1365070393,585.000000000000,1.000000000000
1365071021,520.000000000000,3.000000000000
1365071021,520.000000000000,3.000000000000
1365071022,520.000000000000,3.809523800000
1365071022,520.000000000000,3.809523800000
1365071023,520.000000000000,3.000000000000
1365071023,520.000000000000,3.000000000000
1365071023,520.000000000000,0.191570880000
1365071023,520.000000000000,0.191570880000
1365071023,520.000000000000,3.000000000000
1365071023,520.000000000000,3.000000000000
1365071023,520.000000000000,7.006961530000
1365071023,520.000000000000,7.006961530000
1365079893,570.000000000000,2.000000000000
1365079893,570.000000000000,2.000000000000
1365079922,585.000000000000,1.470000000000
1365079922,585.000000000000,1.470000000000
1365090789,568.000000000000,0.033450700000
1365090789,568.000000000000,0.033450700000
1365105453,525.000000000000,1.000000000000
1365105453,525.000000000000,1.000000000000
1365105470,530.000000000000,1.000000000000
1365105470,530.000000000000,1.000000000000
1365113855,526.000000000000,1.000000000000
1365113855,526.000000000000,1.000000000000
1365113875,536.000000000000,1.000000000000
1365113875,536.000000000000,1.000000000000
1365121544,540.000000000000,2.000000000000
1365121544,540.000000000000,2.000000000000
1365121544,548.000000000000,1.000000000000
1365121544,548.000000000000,1.000000000000
1365121544,555.000000000000,1.133802810000
1365121544,555.000000000000,1.133802810000
1365122946,554.000000000000,2.000000000000
1365122946,554.000000000000,2.000000000000
1365122986,555.000000000000,0.291891890000
1365122986,555.000000000000,0.291891890000
1365129111,555.000000000000,0.180180180000
1365129111,555.000000000000,0.180180180000
1365131279,555.000000000000,0.394125090000
1365131279,555.000000000000,0.394125090000
1365131280,555.000000000000,1.227496390000
1365131280,555.000000000000,1.227496390000
1365146684,535.000000000000,1.000000000000
1365146684,535.000000000000,1.000000000000
1365146802,540.000000000000,1.000000000000
1365146802,540.000000000000,1.000000000000
1365159838,555.000000000000,0.772503600000
1365159838,555.000000000000,0.772503600000
1365159840,555.000000000000,0.227496390000
1365159840,555.000000000000,0.227496390000
1365183607,544.000000000000,0.100000000000
1365183607,544.000000000000,0.100000000000
1365183666,553.000000000000,1.000000000000
1365183666,553.000000000000,1.000000000000
1365183690,554.000000000000,1.000000000000
1365183690,554.000000000000,1.000000000000
1365183703,555.000000000000,0.772503600000
1365183703,555.000000000000,0.772503600000
1365183712,556.000000000000,0.602266180000
1365183712,556.000000000000,0.602266180000
1365188814,556.000000000000,0.397733810000
1365188814,556.000000000000,0.397733810000
1365188971,556.000000000000,1.200000000000
1365188971,556.000000000000,1.200000000000
1365189026,565.000000000000,1.000000000000
1365189026,565.000000000000,1.000000000000
1365189070,565.000000000000,0.300000000000
1365189070,565.000000000000,0.300000000000
1365189269,565.000000000000,0.070000000000
1365189269,565.000000000000,0.070000000000
1365194267,555.000000000000,0.100000000000
1365194267,555.000000000000,0.100000000000
1365194761,560.000000000000,0.500000000000
1365194761,560.000000000000,0.500000000000
1365195754,566.000000000000,1.000000000000
1365195754,566.000000000000,1.000000000000
1365195770,567.000000000000,1.000000000000
1365195770,567.000000000000,1.000000000000
1365196349,580.000000000000,1.000000000000
1365196349,580.000000000000,1.000000000000
1365196456,590.000000000000,0.300000000000
1365196456,590.000000000000,0.300000000000
1365196456,590.000000000000,1.000000000000
1365196456,590.000000000000,1.000000000000
1365203041,585.000000000000,0.500000000000
1365203041,585.000000000000,0.500000000000
1365203047,590.000000000000,1.000000000000
1365203047,590.000000000000,1.000000000000
1365203059,595.000000000000,1.000000000000
1365203059,595.000000000000,1.000000000000
1365243589,570.000000000000,0.200000000000
1365243589,570.000000000000,0.200000000000
1365247242,570.000000000000,1.000000000000
1365247242,570.000000000000,1.000000000000
1365249255,580.000000000000,0.100000000000
1365249255,580.000000000000,0.100000000000
1365249291,590.000000000000,0.150000000000
1365249291,590.000000000000,0.150000000000
1365255427,600.000000000000,0.166666660000
1365255427,600.000000000000,0.166666660000
1365264259,585.000000000000,0.133333330000
1365264259,585.000000000000,0.133333330000
1365264289,585.000000000000,0.066666660000
1365264289,585.000000000000,0.066666660000
1365272694,585.000000000000,0.299999990000
1365272694,585.000000000000,0.299999990000
1365275588,585.000000000000,0.453846150000
1365275588,585.000000000000,0.453846150000
1365275632,570.000000000000,2.400000000000
1365275632,570.000000000000,2.400000000000
1365279484,585.000000000000,0.895333330000
1365279484,585.000000000000,0.895333330000
1365290779,585.000000000000,1.450820500000
1365290779,585.000000000000,1.450820500000
1365290883,590.000000000000,1.000000000000
1365290883,590.000000000000,1.000000000000
1365291065,590.000000000000,0.951305080000
1365291065,590.000000000000,0.951305080000
1365291289,585.000000000000,0.500000000000
1365291289,585.000000000000,0.500000000000
1365291517,585.000000000000,3.941059820000
1365291517,585.000000000000,3.941059820000
1365299263,585.000000000000,0.500000000000
1365299263,585.000000000000,0.500000000000
1365299374,590.000000000000,0.500000000000
1365299374,590.000000000000,0.500000000000
1365322859,584.000000000000,0.500000000000
1365322859,584.000000000000,0.500000000000
1365322885,583.000000000000,0.500000000000
1365322885,583.000000000000,0.500000000000
1365322973,586.000000000000,0.500000000000
1365322973,586.000000000000,0.500000000000
1365323002,588.000000000000,0.300000000000
1365323002,588.000000000000,0.300000000000
1365323290,588.000000000000,5.000000000000
1365323290,588.000000000000,5.000000000000
1365324161,589.000000000000,1.000000000000
1365324161,589.000000000000,1.000000000000
1365324221,589.500000000000,1.000000000000
1365324221,589.500000000000,1.000000000000
1365328051,595.000000000000,1.000000000000
1365328051,595.000000000000,1.000000000000
1365331174,595.000000000000,0.500000000000
1365331174,595.000000000000,0.500000000000
1365332008,595.000000000000,1.000000000000
1365332008,595.000000000000,1.000000000000
1365332791,595.000000000000,5.000000000000
1365332791,595.000000000000,5.000000000000
1365335016,595.000000000000,2.500000000000
1365335016,595.000000000000,2.500000000000
1365335026,589.500000000000,1.900000000000
1365335026,589.500000000000,1.900000000000
1365335033,570.000000000000,0.600000000000
1365335033,570.000000000000,0.600000000000
1365339978,600.000000000000,0.133333330000
1365339978,600.000000000000,0.133333330000
1365341226,605.000000000000,0.100000000000
1365341226,605.000000000000,0.100000000000
1365350305,610.000000000000,3.000000000000
1365350305,610.000000000000,3.000000000000
1365350306,610.000000000000,0.400000000000
1365350306,610.000000000000,0.400000000000
1365355188,650.000000000000,0.500000000000
1365355188,650.000000000000,0.500000000000
1365355279,670.000000000000,1.000000000000
1365355279,670.000000000000,1.000000000000
1365355337,700.000000000000,1.000000000000
1365355337,700.000000000000,1.000000000000
1365355368,700.000000000000,0.515000000000
1365355368,700.000000000000,0.515000000000
1365364405,600.000000000000,0.200000000000
1365364405,600.000000000000,0.200000000000
1365365490,610.000000000000,0.200000000000
1365365490,610.000000000000,0.200000000000
1365365520,620.000000000000,0.300000000000
1365365520,620.000000000000,0.300000000000
1365365594,630.000000000000,0.400000000000
1365365594,630.000000000000,0.400000000000
1365365629,640.000000000000,0.500000000000
1365365629,640.000000000000,0.500000000000
1365365663,650.000000000000,0.600000000000
1365365663,650.000000000000,0.600000000000
1365368988,660.000000000000,0.700000000000
1365368988,660.000000000000,0.700000000000
1365369135,670.000000000000,1.000000000000
1365369135,670.000000000000,1.000000000000
1365369136,670.000000000000,7.265671640000
1365369136,670.000000000000,7.265671640000
1365370715,670.000000000000,0.343283580000
1365370715,670.000000000000,0.343283580000
1365377409,670.000000000000,2.200000000000
1365377409,670.000000000000,2.200000000000
1365377806,670.000000000000,0.191044760000
1365377806,670.000000000000,0.191044760000
1365378155,675.000000000000,2.000000000000
1365378155,675.000000000000,2.000000000000
1365395124,700.000000000000,1.485000000000
1365395124,700.000000000000,1.485000000000
1365395125,700.000000000000,0.100000000000
1365395125,700.000000000000,0.100000000000
1365395154,710.000000000000,0.200000000000
1365395154,710.000000000000,0.200000000000
1365395179,720.000000000000,0.300000000000
1365395179,720.000000000000,0.300000000000
1365395179,720.000000000000,0.500000000000
1365395179,720.000000000000,0.500000000000
1365406838,720.000000000000,3.333333330000
1365406838,720.000000000000,3.333333330000
1365407288,720.000000000000,4.166666660000
1365407288,720.000000000000,4.166666660000
1365407296,730.000000000000,1.393190920000
1365407296,730.000000000000,1.393190920000
1365407297,730.000000000000,0.400000000000
1365407297,730.000000000000,0.400000000000
1365407312,740.000000000000,2.000000000000
1365407312,740.000000000000,2.000000000000
1365407312,740.000000000000,0.500000000000
1365407312,740.000000000000,0.500000000000
1365407563,710.000000000000,0.339859150000
1365407563,710.000000000000,0.339859150000
1365409863,750.000000000000,0.133333330000
1365409863,750.000000000000,0.133333330000
1365413914,750.000000000000,2.866666660000
1365413914,750.000000000000,2.866666660000
1365413915,750.000000000000,2.000000000000
1365413915,750.000000000000,2.000000000000
1365414930,750.000000000000,0.300000000000
1365414930,750.000000000000,0.300000000000
1365415170,755.000000000000,1.000000000000
1365415170,755.000000000000,1.000000000000
1365415199,758.000000000000,1.000000000000
1365415199,758.000000000000,1.000000000000
1365415384,759.000000000000,1.000000000000
1365415384,759.000000000000,1.000000000000
1365415802,759.000000000000,4.500000000000
1365415802,759.000000000000,4.500000000000
1365415825,758.000000000000,0.412269120000
1365415825,758.000000000000,0.412269120000
1365416410,760.000000000000,1.000000000000
1365416410,760.000000000000,1.000000000000
1365417128,770.000000000000,1.000000000000
1365417128,770.000000000000,1.000000000000
1365418041,790.000000000000,0.445350060000
1365418041,790.000000000000,0.445350060000
1365418042,790.000000000000,1.554649870000
1365418042,790.000000000000,1.554649870000
1365418051,790.000000000000,0.445350120000
1365418051,790.000000000000,0.445350120000
1365418058,795.000000000000,1.273446540000
1365418058,795.000000000000,1.273446540000
1365425138,750.000000000000,1.833333330000
1365425138,750.000000000000,1.833333330000
1365426370,794.000000000000,0.500000000000
1365426370,794.000000000000,0.500000000000
1365426402,795.000000000000,0.726553450000
1365426402,795.000000000000,0.726553450000
1365426422,797.000000000000,0.500000000000
1365426422,797.000000000000,0.500000000000
1365426432,798.990000000000,1.251580110000
1365426432,798.990000000000,1.251580110000
1365426447,798.990000000000,1.251580110000
1365426447,798.990000000000,1.251580110000
1365426460,798.990000000000,1.410393120000
1365426460,798.990000000000,1.410393120000
1365429635,780.000000000000,2.787730870000
1365429635,780.000000000000,2.787730870000
1365432128,799.000000000000,1.033241550000
1365432128,799.000000000000,1.033241550000
1365433606,799.000000000000,0.966758440000
1365433606,799.000000000000,0.966758440000
1365435465,800.000000000000,0.500475000000
1365435465,800.000000000000,0.500475000000
1365435890,799.000000000000,4.033241550000
1365435890,799.000000000000,4.033241550000
1365442805,800.000000000000,1.000000000000
1365442805,800.000000000000,1.000000000000
1365442849,800.000000000000,0.090000000000
1365442849,800.000000000000,0.090000000000
1365444068,800.000000000000,0.910000000000
1365444068,800.000000000000,0.910000000000
1365444101,810.000000000000,0.500000000000
1365444101,810.000000000000,0.500000000000
1365449662,800.000000000000,0.340000000000
1365449662,800.000000000000,0.340000000000
1365449995,800.000000000000,0.660000000000
1365449995,800.000000000000,0.660000000000
1365450018,810.000000000000,1.500000000000
1365450018,810.000000000000,1.500000000000
1365450045,830.000000000000,0.400000000000
1365450045,830.000000000000,0.400000000000
1365450078,830.000000000000,0.015000000000
1365450078,830.000000000000,0.015000000000
1365454735,820.000000000000,0.780487800000
1365454735,820.000000000000,0.780487800000
1365464914,820.000000000000,0.341176470000
1365464914,820.000000000000,0.341176470000
1365465182,820.000000000000,1.658823520000
1365465182,820.000000000000,1.658823520000
1365465204,822.000000000000,2.000000000000
1365465204,822.000000000000,2.000000000000
1365465215,824.000000000000,0.266990290000
1365465215,824.000000000000,0.266990290000
1365469171,824.000000000000,0.146225720000
1365469171,824.000000000000,0.146225720000
1365469935,824.000000000000,0.012305820000
1365469935,824.000000000000,0.012305820000
1365486286,824.000000000000,1.574478140000
1365486286,824.000000000000,1.574478140000
1365493732,790.000000000000,0.852706310000
1365493732,790.000000000000,0.852706310000
1365493732,790.000000000000,0.503006280000
1365493732,790.000000000000,0.503006280000
1365494863,790.000000000000,0.196443030000
1365494863,790.000000000000,0.196443030000
1365494945,825.000000000000,2.000000000000
1365494945,825.000000000000,2.000000000000
1365495505,830.000000000000,1.566265060000
1365495505,830.000000000000,1.566265060000
1365497570,830.000000000000,0.018734930000
1365497570,830.000000000000,0.018734930000
1365498114,830.000000000000,0.100000000000
1365498114,830.000000000000,0.100000000000
1365501096,840.000000000000,0.100000000000
1365501096,840.000000000000,0.100000000000
1365501610,840.000000000000,0.480000000000
1365501610,840.000000000000,0.480000000000
1365507650,835.000000000000,10.000000000000
1365507650,835.000000000000,10.000000000000
1365513511,845.000000000000,3.000000000000
1365513511,845.000000000000,3.000000000000
1365514535,845.000000000000,5.284023660000
1365514535,845.000000000000,5.284023660000
1365516952,840.000000000000,0.020000000000
1365516952,840.000000000000,0.020000000000
1365516993,850.000000000000,2.000000000000
1365516993,850.000000000000,2.000000000000
1365516993,850.000000000000,2.000000000000
1365516993,850.000000000000,2.000000000000
1365516993,850.000000000000,0.030000000000
1365516993,850.000000000000,0.030000000000
1365518507,870.000000000000,1.023862850000
1365518507,870.000000000000,1.023862850000
1365518545,870.000000000000,0.011497140000
1365518545,870.000000000000,0.011497140000
1365520004,870.000000000000,0.964639990000
1365520004,870.000000000000,0.964639990000
1365520094,890.000000000000,2.000000000000
1365520094,890.000000000000,2.000000000000
1365520094,890.000000000000,0.050000000000
1365520094,890.000000000000,0.050000000000
1365526273,830.000000000000,0.999500000000
1365526273,830.000000000000,0.999500000000
1365529566,898.990000000000,1.000000000000
1365529566,898.990000000000,1.000000000000
1365529599,900.000000000000,1.499525000000
1365529599,900.000000000000,1.499525000000
1365529600,900.000000000000,0.070000000000
1365529600,900.000000000000,0.070000000000
1365529624,910.000000000000,2.000000000000
1365529624,910.000000000000,2.000000000000
1365529662,915.000000000000,2.042000000000
1365529662,915.000000000000,2.042000000000
1365537618,915.000000000000,2.958000000000
1365537618,915.000000000000,2.958000000000
1365537658,920.000000000000,0.100000000000
1365537658,920.000000000000,0.100000000000
1365537666,940.000000000000,0.120000000000
1365537666,940.000000000000,0.120000000000
1365537678,950.000000000000,2.000000000000
1365537678,950.000000000000,2.000000000000
1365537678,950.000000000000,6.300000000000
1365537678,950.000000000000,6.300000000000
1365540400,910.000000000000,1.000000000000
1365540400,910.000000000000,1.000000000000
1365540407,920.000000000000,1.000000000000
1365540407,920.000000000000,1.000000000000
1365553659,995.000000000000,1.005025120000
1365553659,995.000000000000,1.005025120000
1365554167,835.000000000000,0.100000000000
1365554167,835.000000000000,0.100000000000
1365554168,838.000000000000,0.200000000000
1365554168,838.000000000000,0.200000000000
1365554168,840.000000000000,0.300000000000
1365554168,840.000000000000,0.300000000000
1365554190,845.000000000000,0.400000000000
1365554190,845.000000000000,0.400000000000
1365554190,850.000000000000,0.500000000000
1365554190,850.000000000000,0.500000000000
1365554205,855.000000000000,0.600000000000
1365554205,855.000000000000,0.600000000000
1365556170,954.000000000000,1.070000000000
1365556170,954.000000000000,1.070000000000
1365556457,954.980000000000,0.050000000000
1365556457,954.980000000000,0.050000000000
1365556543,954.990000000000,0.517994950000
1365556543,954.990000000000,0.517994950000
1365556591,954.990000000000,0.542005040000
1365556591,954.990000000000,0.542005040000
1365557160,954.990000000000,0.455125180000
1365557160,954.990000000000,0.455125180000
1365557167,954.000000000000,2.930000000000
1365557167,954.000000000000,2.930000000000
1365573255,960.000000000000,0.100000000000
1365573255,960.000000000000,0.100000000000
1365578965,965.000000000000,0.150000000000
1365578965,965.000000000000,0.150000000000
1365579174,970.000000000000,0.200000000000
1365579174,970.000000000000,0.200000000000
1365579175,980.000000000000,0.250000000000
1365579175,980.000000000000,0.250000000000
1365579266,990.000000000000,0.300000000000
1365579266,990.000000000000,0.300000000000
1365579266,994.990000000000,2.000000000000
1365579266,994.990000000000,2.000000000000
1365579267,995.000000000000,2.320927270000
1365579267,995.000000000000,2.320927270000
1365579364,995.000000000000,0.330000000000
1365579364,995.000000000000,0.330000000000
1365580887,960.000000000000,0.952083330000
1365580887,960.000000000000,0.952083330000
1365588150,950.000000000000,0.100000000000
1365588150,950.000000000000,0.100000000000
1365588243,955.000000000000,0.200000000000
1365588243,955.000000000000,0.200000000000
1365588407,955.000000000000,2.349072720000
1365588407,955.000000000000,2.349072720000
1365588501,955.000000000000,1.000000000000
1365588501,955.000000000000,1.000000000000
1365588510,955.000000000000,1.000000000000
1365588510,955.000000000000,1.000000000000
1365588522,955.000000000000,0.587047120000
1365588522,955.000000000000,0.587047120000
1365589589,960.000000000000,0.300000000000
1365589589,960.000000000000,0.300000000000
1365589590,960.000000000000,0.743750000000
1365589590,960.000000000000,0.743750000000
1365590394,960.000000000000,0.256250000000
1365590394,960.000000000000,0.256250000000
1365590407,970.000000000000,0.400000000000
1365590407,970.000000000000,0.400000000000
1365590420,980.000000000000,0.500000000000
1365590420,980.000000000000,0.500000000000
1365590420,980.000000000000,1.000000000000
1365590420,980.000000000000,1.000000000000
1365592191,990.000000000000,1.000000000000
1365592191,990.000000000000,1.000000000000
1365592224,990.000000000000,3.100000000000
1365592224,990.000000000000,3.100000000000
1365592230,990.000000000000,0.041414140000
1365592230,990.000000000000,0.041414140000
1365595731,990.000000000000,1.858585850000
1365595731,990.000000000000,1.858585850000
1365596965,990.000000000000,1.000000000000
1365596965,990.000000000000,1.000000000000
1365596974,990.000000000000,1.000000000000
1365596974,990.000000000000,1.000000000000
1365596988,990.000000000000,1.000000000000
1365596988,990.000000000000,1.000000000000
1365597005,990.000000000000,1.000000000000
1365597005,990.000000000000,1.000000000000
1365597023,990.000000000000,0.202020200000
1365597023,990.000000000000,0.202020200000
1365599713,995.000000000000,0.020000000000
1365599713,995.000000000000,0.020000000000
1365600813,995.000000000000,0.022110550000
1365600813,995.000000000000,0.022110550000
1365604331,900.000000000000,5.000000000000
1365604331,900.000000000000,5.000000000000
1365606041,900.000000000000,3.000000000000
1365606041,900.000000000000,3.000000000000
1365606062,890.000000000000,2.000000000000
1365606062,890.000000000000,2.000000000000
1365608172,990.000000000000,2.000000000000
1365608172,990.000000000000,2.000000000000
1365608180,995.000000000000,0.357889440000
1365608180,995.000000000000,0.357889440000
1365610697,980.000000000000,0.100000000000
1365610697,980.000000000000,0.100000000000
1365610704,990.000000000000,0.200000000000
1365610704,990.000000000000,0.200000000000
1365610760,1000.000000000000,0.450000000000
1365610760,1000.000000000000,0.450000000000
1365610760,1000.000000000000,2.000000000000
1365610760,1000.000000000000,2.000000000000
1365610760,1000.000000000000,2.500000000000
1365610760,1000.000000000000,2.500000000000
1365610779,111.000000000000,2.000000000000
1365610779,111.000000000000,2.000000000000
1365610822,1050.000000000000,0.500000000000
1365610822,1050.000000000000,0.500000000000
1365614097,930.000000000000,0.070000000000
1365614097,930.000000000000,0.070000000000
1365624634,940.000000000000,2.000000000000
1365624634,940.000000000000,2.000000000000
1365625889,900.000000000000,1.000000000000
1365625889,900.000000000000,1.000000000000
1365625890,900.000000000000,1.900000000000
1365625890,900.000000000000,1.900000000000
1365626169,900.000000000000,3.100000000000
1365626169,900.000000000000,3.100000000000
1365626215,885.000000000000,2.000000000000
1365626215,885.000000000000,2.000000000000
1365626505,870.000000000000,1.000000000000
1365626505,870.000000000000,1.000000000000
1365628448,500.000000000000,4.400000000000
1365628448,500.000000000000,4.400000000000
1365628449,500.000000000000,1.116000000000
1365628449,500.000000000000,1.116000000000
1365628521,500.000000000000,1.446565640000
1365628521,500.000000000000,1.446565640000
1365628620,790.000000000000,1.156109390000
1365628620,790.000000000000,1.156109390000
1365628664,999.000000000000,4.970000000000
1365628664,999.000000000000,4.970000000000
1365633911,333.000000000000,0.030030000000
1365633911,333.000000000000,0.030030000000
1365634634,470.000000000000,0.650000000000
1365634634,470.000000000000,0.650000000000
1365634666,370.000000000000,3.000000000000
1365634666,370.000000000000,3.000000000000
1365634730,370.000000000000,1.000000000000
1365634730,370.000000000000,1.000000000000
1365634758,370.000000000000,0.038000000000
1365634758,370.000000000000,0.038000000000
1365635243,520.000000000000,3.000000000000
1365635243,520.000000000000,3.000000000000
1365635252,510.000000000000,2.000000000000
1365635252,510.000000000000,2.000000000000
1365635259,500.000000000000,1.000000000000
1365635259,500.000000000000,1.000000000000
1365639706,900.000000000000,0.100000000000
1365639706,900.000000000000,0.100000000000
1365640555,925.000000000000,0.100000000000
1365640555,925.000000000000,0.100000000000
1365640785,930.000000000000,0.140000000000
1365640785,930.000000000000,0.140000000000
1365641084,850.000000000000,0.106105880000
1365641084,850.000000000000,0.106105880000
1365641196,777.000000000000,0.360360360000
1365641196,777.000000000000,0.360360360000
1365641236,700.000000000000,0.100000000000
1365641236,700.000000000000,0.100000000000
1365641281,920.000000000000,0.075630430000
1365641281,920.000000000000,0.075630430000
1365641595,800.000000000000,5.000000000000
1365641595,800.000000000000,5.000000000000
1365641616,800.000000000000,2.500000000000
1365641616,800.000000000000,2.500000000000
1365643309,870.000000000000,0.020000000000
1365643309,870.000000000000,0.020000000000
1365668932,800.000000000000,0.021612500000
1365668932,800.000000000000,0.021612500000
1365669556,800.000000000000,4.978387500000
1365669556,800.000000000000,4.978387500000
1365672469,949.000000000000,2.370916750000
1365672469,949.000000000000,2.370916750000
1365673187,945.000000000000,0.105005290000
1365673187,945.000000000000,0.105005290000
1365681331,700.000000000000,4.185714280000
1365681331,700.000000000000,4.185714280000
1365681590,670.000000000000,1.492537310000
1365681590,670.000000000000,1.492537310000
1365683939,600.000000000000,1.370000000000
1365683939,600.000000000000,1.370000000000
1365685381,670.000000000000,1.000000000000
1365685381,670.000000000000,1.000000000000
1365685381,770.000000000000,4.505882350000
1365685381,770.000000000000,4.505882350000
1365687355,600.000000000000,8.630000000000
1365687355,600.000000000000,8.630000000000
1365687452,590.000000000000,3.389830500000
1365687452,590.000000000000,3.389830500000
1365688373,700.000000000000,0.514957140000
1365688373,700.000000000000,0.514957140000
1365699202,550.000000000000,3.636363630000
1365699202,550.000000000000,3.636363630000
1365699273,520.000000000000,0.450000000000
1365699273,520.000000000000,0.450000000000
1365699348,500.000000000000,0.100000000000
1365699348,500.000000000000,0.100000000000
1365699734,500.000000000000,0.270000000000
1365699734,500.000000000000,0.270000000000
1365701105,500.000000000000,2.000000000000
1365701105,500.000000000000,2.000000000000
1365703932,455.000000000000,0.100000000000
1365703932,455.000000000000,0.100000000000
1365705292,520.000000000000,0.060000000000
1365705292,520.000000000000,0.060000000000
1365705320,510.000000000000,0.100000000000
1365705320,510.000000000000,0.100000000000
1365705590,510.000000000000,1.440000000000
1365705590,510.000000000000,1.440000000000
1365705607,510.000000000000,1.000000000000
1365705607,510.000000000000,1.000000000000
1365707508,510.000000000000,0.100000000000
1365707508,510.000000000000,0.100000000000
1365708556,510.000000000000,0.178000000000
1365708556,510.000000000000,0.178000000000
1365708771,510.000000000000,0.550627450000
1365708771,510.000000000000,0.550627450000
1365708779,500.000000000000,0.100000000000
1365708779,500.000000000000,0.100000000000
1365708797,495.000000000000,0.120000000000
1365708797,495.000000000000,0.120000000000
1365708806,490.000000000000,0.200000000000
1365708806,490.000000000000,0.200000000000
1365708944,600.000000000000,0.100000000000
1365708944,600.000000000000,0.100000000000
1365709436,595.000000000000,0.200000000000
1365709436,595.000000000000,0.200000000000
1365709460,590.000000000000,0.300000000000
1365709460,590.000000000000,0.300000000000
1365709468,580.000000000000,0.400000000000
1365709468,580.000000000000,0.400000000000
1365709471,570.000000000000,0.500000000000
1365709471,570.000000000000,0.500000000000
1365709473,550.000000000000,1.000000000000
1365709473,550.000000000000,1.000000000000
1365710990,550.000000000000,0.100000000000
1365710990,550.000000000000,0.100000000000
1365711004,540.000000000000,0.200000000000
1365711004,540.000000000000,0.200000000000
1365711007,530.000000000000,0.300000000000
1365711007,530.000000000000,0.300000000000
1365711010,520.000000000000,0.500000000000
1365711010,520.000000000000,0.500000000000
1365711849,499.000000000000,0.100000000000
1365711849,499.000000000000,0.100000000000
1365715038,570.000000000000,0.330000000000
1365715038,570.000000000000,0.330000000000
1365715166,570.000000000000,0.270000000000
1365715166,570.000000000000,0.270000000000
1365715343,570.000000000000,0.400000000000
1365715343,570.000000000000,0.400000000000
1365718769,501.000000000000,0.289660670000
1365718769,501.000000000000,0.289660670000
1365718818,500.000000000000,0.900200000000
1365718818,500.000000000000,0.900200000000
1365719680,480.000000000000,0.778645830000
1365719680,480.000000000000,0.778645830000
1365722125,499.000000000000,4.000000000000
1365722125,499.000000000000,4.000000000000
1365754728,499.000000000000,0.970000000000
1365754728,499.000000000000,0.970000000000
1365754728,500.000000000000,0.069173070000
1365754728,500.000000000000,0.069173070000
1365754728,500.000000000000,0.030626920000
1365754728,500.000000000000,0.030626920000
1365754728,500.000000000000,0.532120000000
1365754728,500.000000000000,0.532120000000
1365756005,500.000000000000,2.000000000000
1365756005,500.000000000000,2.000000000000
1365758252,400.000000000000,4.444444440000
1365758252,400.000000000000,4.444444440000
1365758254,400.000000000000,0.555555550000
1365758254,400.000000000000,0.555555550000
1365758307,500.000000000000,2.927880000000
1365758307,500.000000000000,2.927880000000
1365758316,549.000000000000,0.288590000000
1365758316,549.000000000000,0.288590000000
1365758323,600.000000000000,3.941666660000
1365758323,600.000000000000,3.941666660000
1365761855,500.000000000000,0.316800000000
1365761855,500.000000000000,0.316800000000
1365761860,470.000000000000,1.000000000000
1365761860,470.000000000000,1.000000000000
1365761867,470.000000000000,1.000000000000
1365761867,470.000000000000,1.000000000000
1365761870,470.000000000000,1.000000000000
1365761870,470.000000000000,1.000000000000
1365761874,470.000000000000,1.000000000000
1365761874,470.000000000000,1.000000000000
1365761879,470.000000000000,5.000000000000
1365761879,470.000000000000,5.000000000000
1365761886,470.000000000000,1.638297870000
1365761886,470.000000000000,1.638297870000
1365761924,446.000000000000,0.501743720000
1365761924,446.000000000000,0.501743720000
1365761943,435.000000000000,1.000000000000
1365761943,435.000000000000,1.000000000000
1365762387,333.000000000000,1.141141140000
1365762387,333.000000000000,1.141141140000
1365763416,450.000000000000,0.109066660000
1365763416,450.000000000000,0.109066660000
1365765086,530.000000000000,0.423300000000
1365765086,530.000000000000,0.423300000000
1365765142,530.000000000000,0.576700000000
1365765142,530.000000000000,0.576700000000
1365765167,400.000000000000,0.557500000000
1365765167,400.000000000000,0.557500000000
1365765180,390.000000000000,1.000000000000
1365765180,390.000000000000,1.000000000000
1365765180,390.000000000000,2.979508940000
1365765180,390.000000000000,2.979508940000
1365765511,400.000000000000,2.000000000000
1365765511,400.000000000000,2.000000000000
1365765528,390.000000000000,0.335794870000
1365765528,390.000000000000,0.335794870000
1365765552,350.000000000000,1.000000000000
1365765552,350.000000000000,1.000000000000
1365765703,350.000000000000,0.500000000000
1365765703,350.000000000000,0.500000000000
1365766005,350.000000000000,5.714285710000
1365766005,350.000000000000,5.714285710000
1365766730,350.000000000000,0.333849620000
1365766730,350.000000000000,0.333849620000
1365771135,360.000000000000,1.000000000000
1365771135,360.000000000000,1.000000000000
1365771621,360.000000000000,6.000000000000
1365771621,360.000000000000,6.000000000000
1365774115,350.000000000000,1.666150280000
1365774115,350.000000000000,1.666150280000
1365774116,350.000000000000,1.000000000000
1365774116,350.000000000000,1.000000000000
1365776096,320.000000000000,1.000000000000
1365776096,320.000000000000,1.000000000000
1365776287,350.000000000000,1.000000000000
1365776287,350.000000000000,1.000000000000
1365777079,390.000000000000,1.100000000000
1365777079,390.000000000000,1.100000000000
1365777112,405.000000000000,1.950000000000
1365777112,405.000000000000,1.950000000000
1365777150,420.000000000000,2.526849710000
1365777150,420.000000000000,2.526849710000
1365787045,428.000000000000,0.030000000000
1365787045,428.000000000000,0.030000000000
1365787254,401.000000000000,0.031820440000
1365787254,401.000000000000,0.031820440000
1365807096,333.340000000000,0.030000000000
1365807096,333.340000000000,0.030000000000
1365819246,428.000000000000,0.105654200000
1365819246,428.000000000000,0.105654200000
1365820066,428.000000000000,0.450000000000
1365820066,428.000000000000,0.450000000000
1365826184,550.000000000000,0.018818180000
1365826184,550.000000000000,0.018818180000
1365826350,596.000000000000,10.926392610000
1365826350,596.000000000000,10.926392610000
1365843747,580.000000000000,1.000000000000
1365843747,580.000000000000,1.000000000000
1365843753,590.000000000000,1.000000000000
1365843753,590.000000000000,1.000000000000
1365843761,590.000000000000,1.000000000000
1365843761,590.000000000000,1.000000000000
1365843765,596.000000000000,1.000000000000
1365843765,596.000000000000,1.000000000000
1365866125,596.000000000000,2.142617440000
1365866125,596.000000000000,2.142617440000
1365883858,580.000000000000,2.000000000000
1365883858,580.000000000000,2.000000000000
1365883862,580.000000000000,2.000000000000
1365883862,580.000000000000,2.000000000000
1365883868,580.000000000000,2.000000000000
1365883868,580.000000000000,2.000000000000
1365883883,596.000000000000,0.356862410000
1365883883,596.000000000000,0.356862410000
1365884007,596.000000000000,0.604026840000
1365884007,596.000000000000,0.604026840000
1365884872,596.000000000000,2.000000000000
1365884872,596.000000000000,2.000000000000
1365884875,596.000000000000,2.000000000000
1365884875,596.000000000000,2.000000000000
1365884878,596.000000000000,3.522164420000
1365884878,596.000000000000,3.522164420000
1365886148,530.000000000000,0.446000000000
1365886148,530.000000000000,0.446000000000
1365887963,530.000000000000,0.500000000000
1365887963,530.000000000000,0.500000000000
1365904003,501.000000000000,0.100000000000
1365904003,501.000000000000,0.100000000000
1365904042,525.000000000000,0.100000000000
1365904042,525.000000000000,0.100000000000
1365937775,500.000000000000,0.120000000000
1365937775,500.000000000000,0.120000000000
1365939984,460.000000000000,1.000000000000
1365939984,460.000000000000,1.000000000000
1365939985,460.000000000000,2.146682400000
1365939985,460.000000000000,2.146682400000
1365942217,460.000000000000,0.453317390000
1365942217,460.000000000000,0.453317390000
1365942263,451.000000000000,0.500000000000
1365942263,451.000000000000,0.500000000000
1365942342,450.000000000000,1.711066660000
1365942342,450.000000000000,1.711066660000
1365942384,420.000000000000,0.277428570000
1365942384,420.000000000000,0.277428570000
1365942384,420.000000000000,1.000000000000
1365942384,420.000000000000,1.000000000000
1365942407,401.000000000000,0.500000000000
1365942407,401.000000000000,0.500000000000
1365942563,401.000000000000,1.400000000000
1365942563,401.000000000000,1.400000000000
1365942687,420.000000000000,0.098187350000
1365942687,420.000000000000,0.098187350000
1365972470,450.000000000000,0.136527470000
1365972470,450.000000000000,0.136527470000
1366014598,450.000000000000,2.666666660000
1366014598,450.000000000000,2.666666660000
1366021386,381.000000000000,0.500000000000
1366021386,381.000000000000,0.500000000000
1366021520,450.000000000000,0.126859340000
1366021520,450.000000000000,0.126859340000
1366033594,450.000000000000,0.185046500000
1366033594,450.000000000000,0.185046500000
1366046096,500.000000000000,1.000000000000
1366046096,500.000000000000,1.000000000000
1366046549,490.000000000000,2.000000000000
1366046549,490.000000000000,2.000000000000
1366048885,499.000000000000,0.100000000000
1366048885,499.000000000000,0.100000000000
1366048887,500.000000000000,4.000000000000
1366048887,500.000000000000,4.000000000000
1366050553,518.000000000000,0.112644780000
1366050553,518.000000000000,0.112644780000
1366056053,500.000000000000,0.900200000000
1366056053,500.000000000000,0.900200000000
1366069197,450.000000000000,1.200000000000
1366069197,450.000000000000,1.200000000000
1366069551,450.000000000000,0.400000000000
1366069551,450.000000000000,0.400000000000
1366071122,450.000000000000,1.594222220000
1366071122,450.000000000000,1.594222220000
1366074573,380.000000000000,1.455673680000
1366074573,380.000000000000,1.455673680000
1366084856,350.000000000000,2.000000000000
1366084856,350.000000000000,2.000000000000
1366084857,350.000000000000,3.355780000000
1366084857,350.000000000000,3.355780000000
1366097130,350.000000000000,3.787077140000
1366097130,350.000000000000,3.787077140000
1366097131,350.000000000000,2.698257140000
1366097131,350.000000000000,2.698257140000
1366105118,350.000000000000,0.042857140000
1366105118,350.000000000000,0.042857140000
1366106670,300.000000000000,9.000000000000
1366106670,300.000000000000,9.000000000000
1366116785,253.000000000000,0.100000000000
1366116785,253.000000000000,0.100000000000
1366117426,253.000000000000,0.200000000000
1366117426,253.000000000000,0.200000000000
1366125442,320.000000000000,1.000000000000
1366125442,320.000000000000,1.000000000000
1366136079,449.000000000000,0.974754990000
1366136079,449.000000000000,0.974754990000
1366143440,400.000000000000,1.230000000000
1366143440,400.000000000000,1.230000000000
1366143462,320.000000000000,7.770000000000
1366143462,320.000000000000,7.770000000000
1366153616,325.000000000000,1.000000000000
1366153616,325.000000000000,1.000000000000
1366185619,300.000000000000,2.230000000000
1366185619,300.000000000000,2.230000000000
1366185619,300.000000000000,0.485000000000
1366185619,300.000000000000,0.485000000000
1366185620,300.000000000000,7.285000000000
1366185620,300.000000000000,7.285000000000
1366186905,300.000000000000,2.715000000000
1366186905,300.000000000000,2.715000000000
1366197129,300.000000000000,0.100000000000
1366197129,300.000000000000,0.100000000000
1366199758,320.000000000000,3.700000000000
1366199758,320.000000000000,3.700000000000
1366199759,320.000000000000,1.926531250000
1366199759,320.000000000000,1.926531250000
1366200123,320.000000000000,0.303468750000
1366200123,320.000000000000,0.303468750000
1366200125,320.000000000000,1.000000000000
1366200125,320.000000000000,1.000000000000
1366218950,405.000000000000,1.000000000000
1366218950,405.000000000000,1.000000000000
1366247046,399.000000000000,1.000000000000
1366247046,399.000000000000,1.000000000000
1366247058,400.000000000000,1.000000000000
1366247058,400.000000000000,1.000000000000
1366278510,399.000000000000,5.000000000000
1366278510,399.000000000000,5.000000000000
1366301911,395.000000000000,0.500000000000
1366301911,395.000000000000,0.500000000000
1366323827,396.000000000000,1.000000000000
1366323827,396.000000000000,1.000000000000
1366359008,420.000000000000,1.000000000000
1366359008,420.000000000000,1.000000000000
1366359809,430.000000000000,3.530000000000
1366359809,430.000000000000,3.530000000000
1366360969,430.000000000000,2.360972060000
1366360969,430.000000000000,2.360972060000
1366365575,435.000000000000,1.000000000000
1366365575,435.000000000000,1.000000000000
1366368174,499.000000000000,0.974754990000
1366368174,499.000000000000,0.974754990000
1366368185,500.000000000000,0.100000000000
1366368185,500.000000000000,0.100000000000
1366368344,514.000000000000,1.000000000000
1366368344,514.000000000000,1.000000000000
1366368350,514.000000000000,1.000000000000
1366368350,514.000000000000,1.000000000000
1366368352,514.000000000000,1.000000000000
1366368352,514.000000000000,1.000000000000
1366368354,514.000000000000,1.000000000000
1366368354,514.000000000000,1.000000000000
1366368357,514.000000000000,1.000000000000
1366368357,514.000000000000,1.000000000000
1366368359,514.000000000000,1.000000000000
1366368359,514.000000000000,1.000000000000
1366368362,514.000000000000,1.000000000000
1366368362,514.000000000000,1.000000000000
1366368365,514.000000000000,1.000000000000
1366368365,514.000000000000,1.000000000000
1366368367,514.000000000000,0.578820000000
1366368367,514.000000000000,0.578820000000
1366368370,515.000000000000,1.000000000000
1366368370,515.000000000000,1.000000000000
1366368375,515.000000000000,1.000000000000
1366368375,515.000000000000,1.000000000000
1366368378,515.000000000000,1.000000000000
1366368378,515.000000000000,1.000000000000
1366368381,515.000000000000,1.000000000000
1366368381,515.000000000000,1.000000000000
1366368385,515.000000000000,4.000000000000
1366368385,515.000000000000,4.000000000000
1366368391,515.000000000000,7.000000000000
1366368391,515.000000000000,7.000000000000
1366368417,520.000000000000,0.200000000000
1366368417,520.000000000000,0.200000000000
1366376275,529.000000000000,1.860990000000
1366376275,529.000000000000,1.860990000000
1366376291,530.000000000000,2.000000000000
1366376291,530.000000000000,2.000000000000
1366376302,530.000000000000,1.054000000000
1366376302,530.000000000000,1.054000000000
1366376302,530.000000000000,0.120000000000
1366376302,530.000000000000,0.120000000000
1366376508,550.000000000000,1.592308460000
1366376508,550.000000000000,1.592308460000
1366376509,550.000000000000,0.759981810000
1366376509,550.000000000000,0.759981810000
1366386668,460.000000000000,0.914565210000
1366386668,460.000000000000,0.914565210000
1366387638,460.000000000000,4.055434780000
1366387638,460.000000000000,4.055434780000
1366399275,460.000000000000,1.988000000000
1366399275,460.000000000000,1.988000000000
1366465335,480.000000000000,0.131687500000
1366465335,480.000000000000,0.131687500000
1366468819,480.000000000000,0.468312500000
1366468819,480.000000000000,0.468312500000
1366501539,460.000000000000,1.000000000000
1366501539,460.000000000000,1.000000000000
1366556208,480.000000000000,7.500000000000
1366556208,480.000000000000,7.500000000000
1366564518,460.000000000000,0.121728010000
1366564518,460.000000000000,0.121728010000
1366566914,480.000000000000,2.000000000000
1366566914,480.000000000000,2.000000000000
1366567576,460.000000000000,5.000000000000
1366567576,460.000000000000,5.000000000000
1366568532,480.000000000000,1.500000000000
1366568532,480.000000000000,1.500000000000
1366572382,460.000000000000,4.405777770000
1366572382,460.000000000000,4.405777770000
1366574813,460.000000000000,0.484490000000
1366574813,460.000000000000,0.484490000000
1366580402,470.000000000000,1.000000000000
1366580402,470.000000000000,1.000000000000
1366580403,480.000000000000,1.000000000000
1366580403,480.000000000000,1.000000000000
1366580403,490.000000000000,1.102204400000
1366580403,490.000000000000,1.102204400000
1366583107,450.000000000000,1.060266660000
1366583107,450.000000000000,1.060266660000
1366586572,440.000000000000,0.950931810000
1366586572,440.000000000000,0.950931810000
1366624743,465.000000000000,0.896774190000
1366624743,465.000000000000,0.896774190000
1366627116,455.000000000000,0.040000000000
1366627116,455.000000000000,0.040000000000
1366628278,445.000000000000,0.220000000000
1366628278,445.000000000000,0.220000000000
1366641690,452.000000000000,0.022124000000
1366641690,452.000000000000,0.022124000000
1366642107,480.000000000000,0.040510200000
1366642107,480.000000000000,0.040510200000
1366670345,460.000000000000,2.000000000000
1366670345,460.000000000000,2.000000000000
1366672628,460.000000000000,2.347826080000
1366672628,460.000000000000,2.347826080000
1366674803,450.000000000000,0.251111000000
1366674803,450.000000000000,0.251111000000
1366706267,472.000000000000,0.027118640000
1366706267,472.000000000000,0.027118640000
1366714050,472.000000000000,6.522881350000
1366714050,472.000000000000,6.522881350000
1366724183,475.000000000000,1.000000000000
1366724183,475.000000000000,1.000000000000
1366724285,485.000000000000,2.000000000000
1366724285,485.000000000000,2.000000000000
1366724959,490.000000000000,2.040816320000
1366724959,490.000000000000,2.040816320000
1366734386,490.000000000000,1.459183670000
1366734386,490.000000000000,1.459183670000
1366734810,495.000000000000,2.000000000000
1366734810,495.000000000000,2.000000000000
1366739245,500.000000000000,0.100000000000
1366739245,500.000000000000,0.100000000000
1366739246,510.000000000000,0.200000000000
1366739246,510.000000000000,0.200000000000
1366739246,510.000000000000,2.000000000000
1366739246,510.000000000000,2.000000000000
1366739303,495.000000000000,0.050000000000
1366739303,495.000000000000,0.050000000000
1366740112,500.000000000000,0.100000000000
1366740112,500.000000000000,0.100000000000
1366742007,500.000000000000,0.700000000000
1366742007,500.000000000000,0.700000000000
1366742287,495.000000000000,1.082060600000
1366742287,495.000000000000,1.082060600000
1366744336,510.000000000000,0.200000000000
1366744336,510.000000000000,0.200000000000
1366744377,515.000000000000,1.000000000000
1366744377,515.000000000000,1.000000000000
1366744413,515.000000000000,1.000000000000
1366744413,515.000000000000,1.000000000000
1366744413,515.000000000000,1.501397030000
1366744413,515.000000000000,1.501397030000
1366744462,520.000000000000,0.300000000000
1366744462,520.000000000000,0.300000000000
1366744505,530.000000000000,0.400000000000
1366744505,530.000000000000,0.400000000000
1366744505,530.000000000000,5.000000000000
1366744505,530.000000000000,5.000000000000
1366744518,549.000000000000,0.443400000000
1366744518,549.000000000000,0.443400000000
1366744524,550.000000000000,0.500000000000
1366744524,550.000000000000,0.500000000000
1366744530,570.000000000000,0.979561400000
1366744530,570.000000000000,0.979561400000
1366790561,520.000000000000,0.465307690000
1366790561,520.000000000000,0.465307690000
1366792264,520.000000000000,4.264692300000
1366792264,520.000000000000,4.264692300000
1366799270,550.000000000000,0.100000000000
1366799270,550.000000000000,0.100000000000
1366799271,558.000000000000,3.901433690000
1366799271,558.000000000000,3.901433690000
1366809237,555.000000000000,0.462000000000
1366809237,555.000000000000,0.462000000000
1366809263,558.000000000000,2.281362000000
1366809263,558.000000000000,2.281362000000
1366815045,558.000000000000,0.262956980000
1366815045,558.000000000000,0.262956980000
1366823127,521.000000000000,0.900000000000
1366823127,521.000000000000,0.900000000000
1366823528,560.000000000000,0.200000000000
1366823528,560.000000000000,0.200000000000
1366823753,565.000000000000,1.000000000000
1366823753,565.000000000000,1.000000000000
1366823754,570.000000000000,0.020438590000
1366823754,570.000000000000,0.020438590000
1366823754,570.000000000000,0.300000000000
1366823754,570.000000000000,0.300000000000
1366826433,580.000000000000,0.400000000000
1366826433,580.000000000000,0.400000000000
1366840588,590.000000000000,0.500000000000
1366840588,590.000000000000,0.500000000000
1366841823,590.000000000000,1.218440670000
1366841823,590.000000000000,1.218440670000
1366841897,570.000000000000,0.285842100000
1366841897,570.000000000000,0.285842100000
1366887604,565.000000000000,0.353982300000
1366887604,565.000000000000,0.353982300000
1366890528,555.000000000000,1.500000000000
1366890528,555.000000000000,1.500000000000
1366891647,565.000000000000,0.146017690000
1366891647,565.000000000000,0.146017690000
1366909696,599.900000000000,0.100000000000
1366909696,599.900000000000,0.100000000000
1366930699,550.000000000000,0.100000000000
1366930699,550.000000000000,0.100000000000
1366931528,545.000000000000,0.467651370000
1366931528,545.000000000000,0.467651370000
1366931548,541.000000000000,0.500000000000
1366931548,541.000000000000,0.500000000000
1366932587,521.000000000000,0.800000000000
1366932587,521.000000000000,0.800000000000
1366932668,521.000000000000,0.300000000000
1366932668,521.000000000000,0.300000000000
1366932677,500.000000000000,2.000000000000
1366932677,500.000000000000,2.000000000000
1366932879,559.000000000000,0.100000000000
1366932879,559.000000000000,0.100000000000
1366933037,540.000000000000,0.102888880000
1366933037,540.000000000000,0.102888880000
1366933677,540.000000000000,0.381201110000
1366933677,540.000000000000,0.381201110000
1366934065,560.000000000000,0.100000000000
1366934065,560.000000000000,0.100000000000
1366934124,565.000000000000,1.000000000000
1366934124,565.000000000000,1.000000000000
1366934230,560.000000000000,0.666339280000
1366934230,560.000000000000,0.666339280000
1366938726,570.000000000000,1.000000000000
1366938726,570.000000000000,1.000000000000
1366938728,570.000000000000,0.200000000000
1366938728,570.000000000000,0.200000000000
1366938765,590.000000000000,0.250000000000
1366938765,590.000000000000,0.250000000000
1366938765,590.000000000000,0.538135590000
1366938765,590.000000000000,0.538135590000
1366940460,500.000000000000,1.000000000000
1366940460,500.000000000000,1.000000000000
1366940461,500.000000000000,1.000000000000
1366940461,500.000000000000,1.000000000000
1366965018,520.000000000000,1.000000000000
1366965018,520.000000000000,1.000000000000
1366965028,500.010000000000,1.000000000000
1366965028,500.010000000000,1.000000000000
1366965280,500.000000000000,0.755160000000
1366965280,500.000000000000,0.755160000000
1366965282,500.000000000000,0.899402260000
1366965282,500.000000000000,0.899402260000
1366973505,500.000000000000,1.000000000000
1366973505,500.000000000000,1.000000000000
1366976578,500.000000000000,1.000000000000
1366976578,500.000000000000,1.000000000000
1366977230,500.000000000000,0.345437740000
1366977230,500.000000000000,0.345437740000
1366989001,525.000000000000,2.000000000000
1366989001,525.000000000000,2.000000000000
1366995840,530.000000000000,0.100000000000
1366995840,530.000000000000,0.100000000000
1366996012,540.000000000000,0.110000000000
1366996012,540.000000000000,0.110000000000
1367001387,540.000000000000,0.090000000000
1367001387,540.000000000000,0.090000000000
1367004567,525.000000000000,0.850000000000
1367004567,525.000000000000,0.850000000000
1367004601,500.000000000000,1.000000000000
1367004601,500.000000000000,1.000000000000
1367004607,500.000000000000,1.000000000000
1367004607,500.000000000000,1.000000000000
1367004612,499.000000000000,0.100000000000
1367004612,499.000000000000,0.100000000000
1367094177,520.000000000000,1.000000000000
1367094177,520.000000000000,1.000000000000
1367155035,520.000000000000,2.000000000000
1367155035,520.000000000000,2.000000000000
1367155800,510.000000000000,0.100000000000
1367155800,510.000000000000,0.100000000000
1367155816,505.000000000000,0.100000000000
1367155816,505.000000000000,0.100000000000
1367189484,520.000000000000,1.000000000000
1367189484,520.000000000000,1.000000000000
1367195087,500.000000000000,0.100000000000
1367195087,500.000000000000,0.100000000000
1367195088,500.000000000000,1.700000000000
1367195088,500.000000000000,1.700000000000
1367228493,519.000000000000,2.450000000000
1367228493,519.000000000000,2.450000000000
1367243948,519.000000000000,0.550000000000
1367243948,519.000000000000,0.550000000000
1367244041,519.000000000000,0.050828510000
1367244041,519.000000000000,0.050828510000
1367244139,500.000000000000,2.000000000000
1367244139,500.000000000000,2.000000000000
1367253649,510.000000000000,0.100000000000
1367253649,510.000000000000,0.100000000000
1367254953,515.000000000000,0.200000000000
1367254953,515.000000000000,0.200000000000
1367263168,510.000000000000,4.900000000000
1367263168,510.000000000000,4.900000000000
1367263184,500.000000000000,1.335800000000
1367263184,500.000000000000,1.335800000000
1367304381,519.000000000000,0.096339110000
1367304381,519.000000000000,0.096339110000
1367318871,519.000000000000,0.852832360000
1367318871,519.000000000000,0.852832360000
1367319696,520.000000000000,0.300000000000
1367319696,520.000000000000,0.300000000000
1367363401,525.000000000000,0.500000000000
1367363401,525.000000000000,0.500000000000
1367365173,500.000000000000,1.100000000000
1367365173,500.000000000000,1.100000000000
1367410382,450.000000000000,2.000000000000
1367410382,450.000000000000,2.000000000000
1367410420,450.000000000000,0.100000000000
1367410420,450.000000000000,0.100000000000
1367410443,430.000000000000,0.122222220000
1367410443,430.000000000000,0.122222220000
1367410443,430.000000000000,0.877777770000
1367410443,430.000000000000,0.877777770000
1367451609,515.000000000000,0.100000000000
1367451609,515.000000000000,0.100000000000
1367452202,520.000000000000,0.020000000000
1367452202,520.000000000000,0.020000000000
1367452769,515.000000000000,1.000000000000
1367452769,515.000000000000,1.000000000000
1367452787,515.000000000000,0.900000000000
1367452787,515.000000000000,0.900000000000
1367499673,490.000000000000,0.100000000000
1367499673,490.000000000000,0.100000000000
1367499749,480.000000000000,0.200000000000
1367499749,480.000000000000,0.200000000000
1367502351,470.000000000000,0.500000000000
1367502351,470.000000000000,0.500000000000
1367503511,460.000000000000,1.000000000000
1367503511,460.000000000000,1.000000000000
1367503511,460.000000000000,2.000000000000
1367503511,460.000000000000,2.000000000000
1367505281,460.000000000000,0.300000000000
1367505281,460.000000000000,0.300000000000
1367507389,411.000000000000,0.900000000000
1367507389,411.000000000000,0.900000000000
1367515182,402.000000000000,0.290000000000
1367515182,402.000000000000,0.290000000000
1367524424,402.000000000000,2.710000000000
1367524424,402.000000000000,2.710000000000
1367524443,400.010000000000,4.238194040000
1367524443,400.010000000000,4.238194040000
1367524454,400.000000000000,10.000000000000
1367524454,400.000000000000,10.000000000000
1367524463,400.000000000000,2.600000000000
1367524463,400.000000000000,2.600000000000
1367524463,400.000000000000,0.500000000000
1367524463,400.000000000000,0.500000000000
1367524463,400.000000000000,2.000000000000
1367524463,400.000000000000,2.000000000000
1367524475,300.000000000000,5.000000000000
1367524475,300.000000000000,5.000000000000
1367575121,380.000000000000,5.000000000000
1367575121,380.000000000000,5.000000000000
1367582313,400.000000000000,0.153800000000
1367582313,400.000000000000,0.153800000000
1367584815,370.000000000000,5.000000000000
1367584815,370.000000000000,5.000000000000
1367584881,400.000000000000,1.000000000000
1367584881,400.000000000000,1.000000000000
1367590709,360.000000000000,1.000000000000
1367590709,360.000000000000,1.000000000000
1367590963,360.000000000000,2.000000000000
1367590963,360.000000000000,2.000000000000
1367595447,360.000000000000,2.000000000000
1367595447,360.000000000000,2.000000000000
1367596919,333.000000000000,2.000000000000
1367596919,333.000000000000,2.000000000000
1367642123,334.000000000000,1.000000000000
1367642123,334.000000000000,1.000000000000
1367664639,355.000000000000,0.300000000000
1367664639,355.000000000000,0.300000000000
1367686228,355.000000000000,0.422535210000
1367686228,355.000000000000,0.422535210000
1364868619,390.000000000000,0.150000000000
1365024537,550.000000000000,0.323142640000
1365026251,550.000000000000,2.000000000000
1365628620,790.000000000000,1.156109390000
1365683939,600.000000000000,1.370000000000
1365705590,510.000000000000,1.440000000000
1365904003,501.000000000000,0.100000000000
1366069197,450.000000000000,1.200000000000
1366069551,450.000000000000,0.400000000000
1366586572,440.000000000000,0.950931810000
1366932668,521.000000000000,0.300000000000
1366932677,500.000000000000,2.000000000000
1367195087,500.000000000000,0.100000000000
1367195088,500.000000000000,1.700000000000
1365608172,990.000000000000,2.000000000000
1366084856,350.000000000000,2.000000000000
1366084857,350.000000000000,3.355780000000
1366359809,430.000000000000,3.530000000000
1366360969,430.000000000000,2.360972060000
1367503511,460.000000000000,1.000000000000
1367503511,460.000000000000,2.000000000000
1367505281,460.000000000000,0.300000000000
1366376508,550.000000000000,1.592308460000
1365688373,700.000000000000,0.514957140000
1366564518,460.000000000000,0.121728010000
1366501539,460.000000000000,1.000000000000
1366556208,480.000000000000,7.500000000000
1366566914,480.000000000000,2.000000000000
1366568532,480.000000000000,1.500000000000
1366583107,450.000000000000,1.060266660000
1366642107,480.000000000000,0.040510200000
1366672628,460.000000000000,2.347826080000
1366706267,472.000000000000,0.027118640000
1366714050,472.000000000000,6.522881350000
1366724959,490.000000000000,2.040816320000
1366734386,490.000000000000,1.459183670000
1366744413,515.000000000000,1.501397030000
1366799271,558.000000000000,3.901433690000
1366809263,558.000000000000,2.281362000000
1366815045,558.000000000000,0.262956980000
1366841823,590.000000000000,1.218440670000
1366841897,570.000000000000,0.285842100000
1366890528,555.000000000000,1.500000000000
1366930699,550.000000000000,0.100000000000
1366931528,545.000000000000,0.467651370000
1366931548,541.000000000000,0.500000000000
1367094177,520.000000000000,1.000000000000
1367155035,520.000000000000,2.000000000000
1367155800,510.000000000000,0.100000000000
1367155816,505.000000000000,0.100000000000
1367189484,520.000000000000,1.000000000000
1366197129,300.000000000000,0.100000000000
1366200125,320.000000000000,1.000000000000
1365777079,390.000000000000,1.100000000000
1365777112,405.000000000000,1.950000000000
1365787254,401.000000000000,0.031820440000
1366823127,521.000000000000,0.900000000000
1365614097,930.000000000000,0.070000000000
1365774115,350.000000000000,1.666150280000
1365774116,350.000000000000,1.000000000000
1365776096,320.000000000000,1.000000000000
1365776287,350.000000000000,1.000000000000
1365777150,420.000000000000,2.526849710000
1366046549,490.000000000000,2.000000000000
1366048887,500.000000000000,4.000000000000
1366106670,300.000000000000,9.000000000000
1366125442,320.000000000000,1.000000000000
1366368174,499.000000000000,0.974754990000
1366368370,515.000000000000,1.000000000000
1366368375,515.000000000000,1.000000000000
1366368378,515.000000000000,1.000000000000
1366368381,515.000000000000,1.000000000000
1366368385,515.000000000000,4.000000000000
1366368391,515.000000000000,7.000000000000
1366574813,460.000000000000,0.484490000000
1366580402,470.000000000000,1.000000000000
1367452769,515.000000000000,1.000000000000
1366399275,460.000000000000,1.988000000000
1367499673,490.000000000000,0.100000000000
1367499749,480.000000000000,0.200000000000
1367502351,470.000000000000,0.500000000000
1367507389,411.000000000000,0.900000000000
1365449662,800.000000000000,0.340000000000
1365449995,800.000000000000,0.660000000000
1365501610,840.000000000000,0.480000000000
1365705292,520.000000000000,0.060000000000
1365705320,510.000000000000,0.100000000000
1365705607,510.000000000000,1.000000000000
1365715038,570.000000000000,0.330000000000
1365715166,570.000000000000,0.270000000000
1365715343,570.000000000000,0.400000000000
1365718818,500.000000000000,0.900200000000
1365754728,500.000000000000,0.069173070000
1365754728,500.000000000000,0.030626920000
1365843747,580.000000000000,1.000000000000
1366046096,500.000000000000,1.000000000000
1366056053,500.000000000000,0.900200000000
1366580403,480.000000000000,1.000000000000
1366932587,521.000000000000,0.800000000000
1366934230,560.000000000000,0.666339280000
1366247046,399.000000000000,1.000000000000
1366071122,450.000000000000,1.594222220000
1366572382,460.000000000000,4.405777770000
1365886148,530.000000000000,0.446000000000
1365887963,530.000000000000,0.500000000000
1366376291,530.000000000000,2.000000000000
1366376302,530.000000000000,1.054000000000
1366744505,530.000000000000,5.000000000000
1365639706,900.000000000000,0.100000000000
1365641236,700.000000000000,0.100000000000
1365643309,870.000000000000,0.020000000000
1365699348,500.000000000000,0.100000000000
1365707508,510.000000000000,0.100000000000
1365708556,510.000000000000,0.178000000000
1365758316,549.000000000000,0.288590000000
1365765086,530.000000000000,0.423300000000
1365787045,428.000000000000,0.030000000000
1365819246,428.000000000000,0.105654200000
1365820066,428.000000000000,0.450000000000
1366744518,549.000000000000,0.443400000000
1366809237,555.000000000000,0.462000000000
1366932879,559.000000000000,0.100000000000
1367365173,500.000000000000,1.100000000000
1367410382,450.000000000000,2.000000000000
1367410420,450.000000000000,0.100000000000
1367410443,430.000000000000,0.122222220000
1367410443,430.000000000000,0.877777770000
1365626169,900.000000000000,3.100000000000
1365626215,885.000000000000,2.000000000000
1365626505,870.000000000000,1.000000000000
1365628448,500.000000000000,4.400000000000
1365628449,500.000000000000,1.116000000000
1365628521,500.000000000000,1.446565640000
1365765511,400.000000000000,2.000000000000
1365765528,390.000000000000,0.335794870000
1365765552,350.000000000000,1.000000000000
1365765703,350.000000000000,0.500000000000
1365766005,350.000000000000,5.714285710000
1365766730,350.000000000000,0.333849620000
1366938765,590.000000000000,0.538135590000
1367692391,335.000000000000,0.040000000000
1367702232,419.000000000000,2.000000000000
1367708489,419.000000000000,0.300000000000
1367753728,400.000000000000,2.000000000000
1367753850,400.000000000000,1.300000000000
1367770565,415.000000000000,10.000000000000
1367771206,400.000000000000,1.700000000000
1367771250,390.000000000000,2.657179480000
1367771275,350.000000000000,2.000000000000
1367771290,335.000000000000,0.960000000000
1367771303,335.000000000000,0.450000000000
1367771310,300.000000000000,0.333333330000
1367771322,282.000000000000,6.000000000000
1367771337,282.000000000000,0.800000000000
1367771353,282.000000000000,0.099487170000
1367831028,415.000000000000,1.000000000000
1367846467,425.000000000000,1.000000000000
1367848632,427.000000000000,0.070000000000
1367851365,430.000000000000,0.070000000000
1367857866,425.000000000000,1.000000000000
1367882032,429.000000000000,0.350000000000
1367882115,429.000000000000,10.000000000000
1367939960,390.000000000000,0.350000000000
1367948509,393.000000000000,1.000000000000
1367948547,392.000000000000,0.651785710000
1367949069,392.000000000000,0.173547580000
1367968135,391.000000000000,2.000000000000
1367968149,386.000000000000,2.000000000000
1368041680,420.000000000000,2.000000000000
1368041723,340.000000000000,0.700000000000
1368041723,340.000000000000,1.000000000000
1368041723,340.000000000000,0.300000000000
1368050897,424.000000000000,2.000000000000
1368059705,407.000000000000,1.000000000000
1368090743,428.000000000000,1.168224290000
1368127287,419.000000000000,0.700000000000
1368127296,424.000000000000,5.000000000000
1368180447,409.000000000000,1.000000000000
1368180519,409.000000000000,0.657500000000
1368202053,427.000000000000,1.000000000000
1368210422,429.000000000000,3.000000000000
1368210511,440.000000000000,1.000000000000
1368227538,444.000000000000,1.000000000000
1368227594,445.000000000000,1.000000000000
1368229509,444.000000000000,2.927927920000
1368292538,439.000000000000,1.000000000000
1368292554,448.000000000000,0.267857000000
1368292564,455.000000000000,1.000000000000
1368367250,420.100000000000,1.000000000000
1368388725,418.000000000000,2.000000000000
1368403057,449.000000000000,1.000000000000
1368403058,450.000000000000,1.002222220000
1368403070,450.000000000000,8.000000000000
1368446040,450.000000000000,1.997777770000
1368446247,455.000000000000,1.000000000000
1368446430,421.000000000000,1.187648450000
1368446452,460.000000000000,3.000000000000
1368449493,460.000000000000,0.102966170000
1368449722,460.000000000000,0.468760860000
1368450573,457.100000000000,0.102997150000
1368461323,421.100000000000,2.000000000000
1368559149,442.000000000000,0.467700000000
1368559163,458.000000000000,1.000000000000
1368640755,450.000000000000,1.580000000000
1368656433,470.000000000000,0.155170210000
1368657534,467.000000000000,1.000000000000
1368657592,465.000000000000,0.070000000000
1368657649,460.000000000000,0.100000000000
1368657780,458.000000000000,0.200000000000
1368657837,450.000000000000,0.400000000000
1368657892,435.000000000000,0.230000000000
1368738112,440.000000000000,2.130000000000
1368784332,430.000000000000,0.477860460000
1368788496,429.100000000000,1.000000000000
1368792137,430.000000000000,2.000000000000
1368792422,430.000000000000,2.522139530000
1368792445,467.000000000000,0.474993880000
1368792470,479.000000000000,2.000000000000
1368824801,450.000000000000,0.489977770000
1368825030,450.000000000000,1.000000000000
1368828613,450.000000000000,0.900000000000
1368907681,435.000000000000,1.800000000000
1368955685,450.000000000000,9.000000000000
1368983523,438.000000000000,1.000000000000
1369045259,439.000000000000,2.000000000000
1369045276,438.000000000000,3.000000000000
1369058885,456.900000000000,0.900000000000
1369058904,457.000000000000,2.000000000000
1369060190,457.000000000000,0.200000000000
1369069711,457.000000000000,1.094091900000
1369075933,450.000000000000,1.000000000000
1369146997,457.000000000000,12.144420130000
1369254806,440.000000000000,1.800000000000
1369298279,455.900000000000,0.487000000000
1369298364,456.000000000000,0.390285080000
1369300459,434.000000000000,0.508502300000
1369300482,430.100000000000,0.900000000000
1369300509,430.000000000000,1.030000000000
1369300513,429.000000000000,2.000000000000
1369300519,429.000000000000,1.000000000000
1369300521,421.000000000000,1.000000000000
1369300527,415.000000000000,1.000000000000
1369300534,409.000000000000,0.042500000000
1369300534,409.000000000000,0.730000000000
1369300538,407.000000000000,0.200000000000
1369300568,401.000000000000,1.588997690000
1369358447,450.900000000000,0.505451290000
1369358454,451.000000000000,3.000000000000
1369358473,465.000000000000,1.000000000000
1369358482,465.900000000000,1.000000000000
1369358492,466.000000000000,2.000000000000
1369358497,470.000000000000,1.000000000000
1369495197,476.000000000000,2.000000000000
1369495213,478.000000000000,2.000000000000
1369514390,479.000000000000,3.025052190000
1369567562,480.000000000000,1.000000000000
1369567563,480.000000000000,1.000000000000
1369567563,480.000000000000,0.050000000000
1369567569,485.000000000000,0.060000000000
1369614775,480.000000000000,0.050000000000
1369615710,490.000000000000,0.070000000000
1369615773,495.000000000000,10.000000000000
1369677724,500.000000000000,0.100000000000
1369677725,500.000000000000,1.000000000000
1369677726,500.000000000000,0.833333000000
1369677726,515.000000000000,4.695456810000
1369758241,488.000000000000,1.700000000000
1369767459,480.000000000000,1.000000000000
1369845789,497.000000000000,0.896541960000
1369846082,498.000000000000,0.118473890000
1369852679,480.000000000000,1.000000000000
1369880062,498.000000000000,0.227409630000
1369925900,504.000000000000,1.000000000000
1369956653,485.000000000000,1.000000000000
1369956672,485.000000000000,0.370000000000
1369957099,485.000000000000,1.630000000000
1370034924,504.000000000000,1.000000000000
1370037028,470.000000000000,1.506319890000
1370059843,478.000000000000,0.023000000000
1370103894,478.000000000000,0.495890370000
1370108206,478.000000000000,0.504109620000
1370128186,475.100000000000,0.023000000000
1370172097,475.100000000000,0.977000000000
1370172098,475.100000000000,0.688626860000
1370172098,475.100000000000,0.685686560000
1370172098,475.100000000000,0.682761190000
1370172099,475.100000000000,0.690151510000
1370172099,475.100000000000,0.687166660000
1370172099,475.100000000000,0.684196960000
1370172099,475.100000000000,0.681227270000
1370172099,475.100000000000,0.678272720000
1370172099,475.100000000000,0.675575750000
1370172099,475.100000000000,0.672893930000
1370172100,475.100000000000,0.670227270000
1370172100,475.100000000000,0.438090970000
1370172100,504.000000000000,0.665818180000
1370172100,504.000000000000,0.157363630000
1370172100,504.000000000000,0.037181810000
1370173917,475.000000000000,0.990000000000
1370175023,475.000000000000,0.238484210000
1370177089,472.000000000000,0.021186000000
1370177104,504.000000000000,0.031230150000
1370181798,478.000000000000,1.056300000000
1370181978,478.000000000000,0.073389120000
1370199993,480.000000000000,0.102080000000
1370200010,471.000000000000,2.000000000000
1370200024,465.000000000000,3.000000000000
1370200055,460.000000000000,1.000000000000
1370200978,450.000000000000,2.000000000000
1370201426,420.000000000000,0.302886360000
1370201427,420.000000000000,2.000000000000
1370201427,420.000000000000,0.997113630000
1370271349,455.000000000000,0.900000000000
1370345299,470.000000000000,0.100000000000
1370354178,475.000000000000,0.150000000000
1370354255,480.000000000000,1.000000000000
1370445164,480.000000000000,1.000000000000
1370449951,440.000000000000,0.500000000000
1370551431,479.000000000000,0.463100000000
1370600778,470.000000000000,0.527298000000
1370615879,452.000000000000,2.000000000000
1370615918,451.000000000000,0.488891350000
1370615935,450.000000000000,1.000000000000
1370615953,450.000000000000,0.111111110000
1370615962,443.000000000000,1.000000000000
1370615974,440.000000000000,0.559863630000
1370630590,450.000000000000,0.274755550000
1370691095,459.500000000000,0.485994390000
1370699484,438.000000000000,0.506780820000
1370728711,439.900000000000,0.503740130000
1370773410,411.100000000000,0.535782000000
1370773432,411.000000000000,1.000000000000
1370773475,410.000000000000,1.219512000000
1370776896,401.000000000000,1.000000000000
1370777653,430.000000000000,1.000000000000
1370781381,300.000000000000,0.256410250000
1370781382,300.000000000000,0.134140350000
1370781382,300.000000000000,0.133701750000
1370781382,300.000000000000,0.133263150000
1370781382,300.000000000000,2.000000000000
1370781382,300.000000000000,2.975054650000
1370789634,390.000000000000,0.999200000000
1370826873,395.000000000000,1.000000000000
1370857751,410.000000000000,0.487804870000
1370859762,400.000000000000,0.210000000000
1370891322,282.000000000000,0.895384530000
1370891322,300.000000000000,0.370327930000
1370891322,300.000000000000,1.296338720000
1370891322,335.000000000000,5.336425000000
1370891322,335.000000000000,0.867150000000
1370891322,335.000000000000,0.386425000000
1370891322,350.000000000000,1.168070760000
1370891323,350.000000000000,0.923026310000
1370891323,350.000000000000,0.072868420000
1370891623,350.000000000000,1.000000000000
1370902589,350.000000000000,1.887028570000
1370904649,350.000000000000,2.594114280000
1370906176,350.000000000000,0.350000000000
1370912307,350.000000000000,1.000000000000
1370912311,355.000000000000,0.700000000000
1370912311,360.000000000000,0.655736840000
1370912311,360.000000000000,0.144263150000
1370912311,370.000000000000,0.324833150000
1370912311,370.000000000000,0.175166840000
1370912311,370.000000000000,0.665729720000
1370912311,370.000000000000,0.661729720000
1370912312,370.000000000000,0.657756750000
1370912312,370.000000000000,0.014783780000
1370914610,389.900000000000,1.000000000000
1370914683,390.000000000000,4.453846150000
1370947795,390.000000000000,2.000000000000
1370947800,390.000000000000,1.148994260000
1370968068,385.000000000000,0.100000000000
1370968304,385.000000000000,1.198701290000
1370968318,389.000000000000,0.200000000000
1371030609,390.000000000000,0.500000000000
1371030609,395.000000000000,0.506329110000
1371030657,390.000000000000,0.500000000000
1371030664,395.000000000000,0.493670880000
1371057928,410.000000000000,1.000000000000
1371077000,420.000000000000,2.000000000000
1371138005,400.000000000000,1.000000000000
1371138013,437.000000000000,1.570000000000
1371175910,410.000000000000,1.000000000000
1371176900,410.000000000000,1.000000000000
1371182899,400.000000000000,1.000000000000
1371183515,400.000000000000,7.000000000000
1371205621,400.000000000000,1.000000000000
1371226342,391.000000000000,1.000000000000
1371327369,392.000000000000,0.700000000000
1371410562,391.000000000000,0.200000000000
1371418903,391.000000000000,0.800000000000
1371418917,390.000000000000,0.401794870000
1371469509,410.000000000000,0.500000000000
1371608197,399.000000000000,3.750000000000
1371608350,399.000000000000,0.250000000000
1371608389,400.000000000000,1.000000000000
1371635876,415.000000000000,1.000000000000
1371661220,400.000000000000,1.750000000000
1371661976,399.000000000000,2.750000000000
1371662014,400.000000000000,5.000000000000
1371673253,400.000000000000,2.000000000000
1371673271,400.000000000000,2.000000000000
1371673297,400.000000000000,1.000000000000
1371676407,400.000000000000,1.000000000000
1371765870,409.000000000000,0.200000000000
1371772700,409.000000000000,1.010000000000
1371772701,409.000000000000,0.060000000000
1371838284,409.000000000000,0.040000000000
1371928068,410.000000000000,0.200000000000
1371978647,408.000000000000,1.000000000000
1372072018,400.000000000000,1.000000000000
1372072086,395.000000000000,2.000000000000
1372072101,390.000000000000,1.002010400000
1372074003,408.000000000000,0.500000000000
1372177903,396.000000000000,0.200000000000
1372198589,395.000000000000,1.000000000000
1372198619,390.000000000000,2.000000000000
1372198741,390.000000000000,2.000000000000
1372204092,390.000000000000,0.500000000000
1372276253,390.000000000000,0.100000000000
1372339647,390.000000000000,1.000000000000
1372339664,390.000000000000,1.000000000000
1372343653,390.000000000000,0.231764960000
1372376325,390.000000000000,2.166224350000
1372376381,385.000000000000,2.000000000000
1372376419,380.000000000000,0.312877750000
1372436410,393.000000000000,0.100000000000
1372453053,393.000000000000,0.900000000000
1372521002,386.000000000000,1.000000000000
1372530295,388.000000000000,1.000000000000
1372530310,386.000000000000,1.000000000000
1372530345,385.000000000000,1.000000000000
1372539133,380.000000000000,3.000000000000
1372539171,380.000000000000,0.687120000000
1372540015,374.000000000000,7.882593580000
1372540055,373.000000000000,0.269517420000
1372541300,373.000000000000,0.730482570000
1372541371,374.000000000000,0.117406410000
1372623532,360.000000000000,1.000000000000
1372638606,394.000000000000,0.500000000000
1372694905,385.000000000000,0.116760670000
1372703728,385.000000000000,0.150753240000
1372726274,352.000000000000,1.000000000000
1372726318,350.000000000000,2.000000000000
1372726318,350.000000000000,0.304457140000
1372726318,350.000000000000,0.195542850000
1372728040,390.000000000000,0.500000000000
1372728259,394.000000000000,1.500000000000
1372728309,395.000000000000,1.000000000000
1372728309,395.000000000000,0.200000000000
1372728324,396.000000000000,3.000000000000
1372728334,400.000000000000,1.000000000000
1372728334,400.000000000000,0.300000000000
1372728334,400.000000000000,0.500000000000
1372728348,401.000000000000,0.500000000000
1372728357,405.000000000000,0.200000000000
1372728376,409.000000000000,0.123471880000
1372754611,375.000000000000,0.116773330000
1372772056,371.000000000000,1.000000000000
1372772085,370.000000000000,0.500000000000
1372772100,365.000000000000,2.000000000000
1372772120,340.000000000000,1.000000000000
1372772130,335.000000000000,1.000000000000
1372772144,333.000000000000,1.000000000000
1372772150,330.000000000000,1.000000000000
1372772513,345.000000000000,0.500000000000
1372780739,341.000000000000,1.000000000000
1372780756,340.000000000000,1.000000000000
1372805475,335.000000000000,2.000000000000
1372868597,340.000000000000,0.500000000000
1372873675,340.000000000000,0.250000000000
1372884872,320.000000000000,0.278125000000
1372884876,315.100000000000,1.000000000000
1372884898,315.100000000000,1.000000000000
1372884911,310.000000000000,0.613136820000
1372929850,320.000000000000,2.000000000000
1372929956,310.000000000000,1.386862900000
1372952913,300.000000000000,0.187866660000
1372952914,300.000000000000,0.812133330000
1373019006,300.000000000000,2.835647840000
1373019008,300.000000000000,1.164352150000
1373019023,300.000000000000,0.023514330000
1373037983,290.000000000000,1.000000000000
1373037990,290.000000000000,1.000000000000
1373038019,285.000000000000,1.000000000000
1373038031,285.000000000000,1.000000000000
1373038039,285.000000000000,1.000000000000
1373041086,300.000000000000,1.976485660000
1373050587,282.000000000000,3.000000000000
1373050656,281.000000000000,0.141530240000
1373051300,280.000000000000,1.000000000000
1373051328,279.000000000000,3.000000000000
1373142480,252.000000000000,0.940000000000
1373152540,254.000000000000,1.000000000000
1373152558,252.000000000000,2.000000000000
1373152598,251.000000000000,0.060000000000
1373152598,251.000000000000,9.590000000000
1373152640,250.000000000000,0.067370510000
1373152640,250.000000000000,3.000000000000
1373152640,250.000000000000,4.282629480000
1373206512,251.000000000000,0.780000000000
1373272082,284.000000000000,1.000000000000
1373282955,285.000000000000,0.367435890000
1373289338,285.000000000000,5.860303960000
1373289339,285.000000000000,0.246011570000
1373290605,285.000000000000,0.053988420000
1373292524,290.000000000000,1.000000000000
1373292524,290.000000000000,0.300000000000
1373323093,295.000000000000,0.300000000000
1373324564,300.000000000000,0.300000000000
1373328366,300.000000000000,1.071666660000
1373360014,300.000000000000,2.000000000000
1373377747,310.000000000000,1.000000000000
1373388713,315.000000000000,1.000000000000
1373388718,310.000000000000,1.000000000000
1373388725,302.000000000000,1.000000000000
1373388824,301.000000000000,6.078338870000
1373452031,290.000000000000,1.000000000000
1373461973,295.000000000000,1.000000000000
1373471679,291.000000000000,0.050000000000
1373473017,291.000000000000,0.950000000000
1373473021,290.000000000000,1.000000000000
1373489846,299.000000000000,0.200000000000
1373491031,290.000000000000,0.500000000000
1373491032,290.000000000000,0.260756750000
1373491032,290.000000000000,0.259927920000
1373491032,290.000000000000,0.259099090000
1373491033,290.000000000000,0.258270270000
1373491033,290.000000000000,0.257459450000
1373491033,290.000000000000,0.256648640000
1373491033,290.000000000000,0.255837830000
1373491033,290.000000000000,0.255027020000
1373491033,290.000000000000,0.254216210000
1373491034,290.000000000000,0.182756730000
1373491034,300.000000000000,0.289319580000
1373491034,300.000000000000,0.110350510000
1373491034,300.000000000000,0.042082470000
1373499441,300.000000000000,0.558247410000
1373499447,301.000000000000,0.921661120000
1373565948,325.000000000000,0.790000000000
1373603192,325.000000000000,0.210000000000
1373615826,344.000000000000,1.000000000000
1373615827,345.000000000000,0.500000000000
1373616412,350.000000000000,0.500000000000
1373622742,345.000000000000,1.000000000000
1373627703,360.000000000000,2.000000000000
1373693705,329.000000000000,2.000000000000
1373730374,330.000000000000,1.000000000000
1373754812,334.000000000000,0.973053890000
1373754876,334.000000000000,0.026946100000
1373770480,346.000000000000,0.939306350000
1373805350,347.000000000000,1.000000000000
1373895307,354.000000000000,1.000000000000
1373895315,355.000000000000,0.500000000000
1373937013,355.000000000000,0.500000000000
1373965488,350.000000000000,0.500000000000
1373985783,345.000000000000,1.000000000000
1373991341,354.000000000000,0.400000000000
1374065232,354.000000000000,0.400000000000
1374155375,326.000000000000,2.000000000000
1374155398,325.000000000000,1.000000000000
1374156616,330.000000000000,0.500000000000
1374182380,200.000000000000,2.000000000000
1374188884,337.000000000000,0.400000000000
1374188885,337.000000000000,0.100000000000
1374277396,341.000000000000,0.300000000000
1374341620,325.000000000000,0.400000000000
1374418594,330.000000000000,1.000000000000
1374418604,330.000000000000,0.986410500000
1374438777,325.000000000000,0.917431190000
1374438778,325.000000000000,1.000000000000
1374438778,325.000000000000,1.000000000000
1374516158,314.000000000000,1.000000000000
1374525923,337.000000000000,0.750000000000
1374582951,336.000000000000,1.000000000000
1374612169,339.000000000000,1.000000000000
1374623951,339.000000000000,2.000000000000
1374624031,340.000000000000,2.000000000000
1374624180,341.000000000000,2.000000000000
1374624423,342.000000000000,2.806988300000
1374660680,340.000000000000,0.500000000000
1374661717,340.000000000000,0.500000000000
1374741940,340.000000000000,1.500000000000
1374743917,340.000000000000,1.475970580000
1374745661,335.000000000000,0.500000000000
1374761729,340.000000000000,1.026392960000
1374762049,340.000000000000,0.497636440000
1374762050,340.000000000000,0.530215830000
1374762372,340.000000000000,0.469784160000
1374770298,340.000000000000,1.029411760000
1374860872,340.000000000000,0.800000000000
1374866861,337.000000000000,0.418011860000
1374942429,339.000000000000,1.000000000000
1375014197,340.000000000000,1.264705880000
1375040177,340.000000000000,4.905882340000
1375040178,340.000000000000,0.500000000000
1375044635,343.000000000000,2.000000000000
1375044636,345.000000000000,1.000000000000
1375091855,355.000000000000,0.053521120000
1375092871,355.000000000000,0.446478870000
1375100121,345.000000000000,1.000000000000
1375101262,345.000000000000,1.000000000000
1375101339,340.000000000000,1.000000000000
1375107485,352.000000000000,5.284090900000
1375167736,340.000000000000,1.000000000000
1375167780,330.000000000000,1.000000000000
1375196424,337.000000000000,1.000000000000
1375196464,337.000000000000,1.000000000000
1375196519,337.000000000000,1.000000000000
1375212038,348.000000000000,1.000000000000
1375212193,336.000000000000,0.050000000000
1375212284,336.000000000000,0.050000000000
1375212412,336.000000000000,0.040000000000
1375212451,337.000000000000,0.040000000000
1375212470,340.000000000000,0.049911760000
1375219800,348.000000000000,0.028735630000
1375220087,348.000000000000,0.441867810000
1375230017,348.000000000000,0.529396540000
1375230018,343.000000000000,0.526484850000
1375230018,343.000000000000,0.523589180000
1375230018,343.000000000000,0.435616370000
1375230043,350.000000000000,1.000000000000
1375230081,352.000000000000,0.946363630000
1375272549,351.000000000000,1.000000000000
1375276214,358.000000000000,0.863128490000
1375302518,337.000000000000,0.050000000000
1375338207,338.000000000000,0.050000000000
1375338220,339.000000000000,0.050000000000
1375338274,340.000000000000,0.060000000000
1375338571,341.000000000000,0.030000000000
1375338580,342.000000000000,0.030000000000
1375338638,360.000000000000,0.903500000000
1375344440,359.000000000000,1.000000000000
1375351194,345.000000000000,1.000000000000
1375363595,340.000000000000,1.000000000000
1375363615,339.000000000000,1.000000000000
1375420805,358.000000000000,0.500000000000
1375469400,358.000000000000,0.500000000000
1375469410,359.000000000000,0.100000000000
1375469423,360.000000000000,0.096500000000
1375469423,360.000000000000,1.000000000000
1375469423,360.000000000000,1.000000000000
1375469423,360.000000000000,0.500000000000
1375469445,361.000000000000,1.000000000000
1375469481,365.000000000000,1.000000000000
1375470908,365.000000000000,1.000000000000
1375470924,366.000000000000,0.050000000000
1375479331,350.000000000000,1.040847430000
1375520977,350.000000000000,0.387714280000
1375520979,348.000000000000,0.327586200000
1375520979,345.000000000000,0.284699500000
1375524150,336.000000000000,0.860000000000
1375550463,365.000000000000,0.200000000000
1375623115,365.000000000000,0.300000000000
1375623122,366.000000000000,0.950000000000
1375623122,366.000000000000,0.050000000000
1375715183,365.000000000000,1.000000000000
1375717912,360.000000000000,1.388888880000
1375770824,358.000000000000,0.500000000000
1375798724,360.000000000000,1.000000000000
1375798728,360.000000000000,1.000000000000
1375811964,360.000000000000,3.166666660000
1375861129,360.000000000000,0.200000000000
1375896404,358.000000000000,0.500000000000
1375896478,358.000000000000,0.329385470000
1375896496,358.000000000000,0.167569830000
1375955724,350.000000000000,0.200000000000
1375956176,350.000000000000,1.040000000000
1375956263,358.000000000000,0.500000000000
1375956307,359.000000000000,0.495598880000
1375956372,345.000000000000,0.500000000000
1376000095,350.000000000000,1.428571000000
1376053846,360.000000000000,1.200000000000
1376142052,359.000000000000,2.000000000000
1376226112,357.000000000000,0.300000000000
1376245636,355.000000000000,0.500000000000
1376245690,357.000000000000,0.494201680000
1376253358,357.000000000000,1.180242710000
1376288535,358.000000000000,0.300000000000
1376294313,358.000000000000,0.170000000000
1376301472,358.000000000000,0.219692730000
1376330671,357.000000000000,1.908095230000
1376333297,357.000000000000,1.400560220000
1376354451,356.000000000000,1.000000000000
1376354506,357.000000000000,2.371624640000
1376366481,344.000000000000,1.000000000000
1376366795,343.000000000000,1.650000000000
1376366796,342.000000000000,1.000000000000
1376386746,310.000000000000,1.000000000000
1376386755,309.000000000000,1.000000000000
1376386757,308.000000000000,2.000000000000
1376386761,300.000000000000,0.500000000000
1376386761,300.000000000000,1.000000000000
1376386764,290.000000000000,0.500000000000
1376386764,290.000000000000,1.000000000000
1376386764,290.000000000000,5.172413790000
1376398028,339.000000000000,1.000000000000
1376398261,340.000000000000,2.350000000000
1376399213,340.000000000000,2.535294000000
1376405927,344.000000000000,2.000000000000
1376416102,344.000000000000,1.760000000000
1376422647,340.000000000000,5.000000000000
1376422651,335.000000000000,10.000000000000
1376422655,333.000000000000,3.000000000000
1376422658,332.000000000000,2.000000000000
1376464509,344.000000000000,0.300000000000
1376464874,344.000000000000,9.940000000000
1376469369,358.000000000000,2.000000000000
1376469378,359.000000000000,2.000000000000
1376469386,360.000000000000,3.000000000000
1376469441,360.000000000000,0.391722220000
1376470390,360.000000000000,0.602277770000
1376470392,360.000000000000,1.397722220000
1376480547,355.000000000000,0.500000000000
1376489757,350.000000000000,1.000000000000
1376510153,361.000000000000,1.000000000000
1376510154,361.000000000000,0.500000000000
1376510154,362.000000000000,1.000000000000
1376510154,362.000000000000,1.000000000000
1376510240,363.000000000000,1.000000000000
1376510242,363.000000000000,1.000000000000
1376510242,363.000000000000,1.000000000000
1376510242,365.000000000000,1.000000000000
1376510242,365.500000000000,1.000000000000
1376510242,366.000000000000,0.950000000000
1376510383,367.000000000000,1.000000000000
1376510384,368.000000000000,0.808108100000
1376510400,368.000000000000,0.191891890000
1376510400,369.000000000000,1.000000000000
1376510400,370.000000000000,1.000000000000
1376510401,370.000000000000,0.252135130000
1376511277,370.000000000000,0.055263150000
