1342419032,6.750000000000,0.540740740000
1342419053,6.500000000000,0.500000000000
1342419053,6.200000000000,0.500000000000
1342470941,6.250000000000,1.000000000000
1342470941,6.500000000000,0.538461530000
1342470964,6.100000000000,0.819672130000
1342470980,6.100000000000,0.718789400000
1342470980,6.500000000000,0.627364440000
1342471021,6.500000000000,1.346153840000
1342471846,6.540000000000,0.955657490000
1342521896,6.530000000000,0.957120980000
1342523155,6.520000000000,0.958588960000
1342523218,6.510000000000,0.960061440000
1342523252,6.520000000000,0.000364500000
1342523252,6.520000000000,0.955292980000
1342523282,6.500000000000,1.346153840000
1342523321,6.530000000000,0.955446820000
1342528466,6.520000000000,1.000000000000
1342528485,6.510000000000,1.000000000000
1342528499,6.510000000000,0.302246290000
1342528769,6.300000000000,2.142857130000
1342528788,6.540000000000,0.214285710000
1342528796,6.540000000000,0.214285710000
1342528809,6.540000000000,0.210000000000
1342528844,6.530000000000,2.067381310000
1342528877,6.520000000000,2.293577970000
1342528898,6.520000000000,0.888639320000
1342528898,6.530000000000,0.714047240000
1342528898,6.540000000000,0.683877410000
1342528918,6.540000000000,0.221893680000
1342528918,6.550000000000,0.120000000000
1342529077,6.550000000000,0.546479080000
1342529159,6.790000000000,2.173591440000
1342529172,6.500000000000,1.000000000000
1342529176,6.500000000000,1.000000000000
1342529197,6.790000000000,1.001345290000
1342529211,6.900000000000,0.917364140000
1342608716,6.780000000000,0.500000000000
1342632108,6.780000000000,0.502822200000
1342632199,6.770000000000,0.893797800000
1342756707,6.770000000000,0.057451910000
1342756762,6.490000000000,0.271325860000
1342815631,6.800000000000,0.082635860000
1342815672,6.860000000000,0.721439180000
1342815682,6.860000000000,0.004182260000
1343071649,6.800000000000,0.814659850000
1343137813,6.800000000000,0.814659850000
1343252420,6.860000000000,0.804378560000
1343252420,6.890000000000,3.651335720000
1343252480,6.890000000000,0.074638600000
1343363797,6.500000000000,3.330000000000
1343398541,7.000000000000,2.758648060000
1343398600,7.050000000000,2.739083180000
1343399388,7.000000000000,0.739083180000
1343399388,7.040000000000,0.019564880000
1343399388,7.050000000000,2.000000000000
1343399466,7.090000000000,2.714589050000
1343399475,7.090000000000,0.003828760000
1343399484,7.090000000000,0.040230250000
1343399491,7.090000000000,2.718417810000
1343399559,7.090000000000,0.511774470000
1343399559,7.080000000000,2.722257380000
1343399559,7.050000000000,0.534968960000
1343399559,6.700000000000,0.531005480000
1343399559,6.650000000000,0.139993710000
1343399622,6.650000000000,0.860006290000
1343399622,6.600000000000,1.000000000000
1343399622,6.550000000000,1.000000000000
1343399655,6.550000000000,0.410416240000
1343399655,7.050000000000,3.531005480000
1343399687,7.090000000000,2.722257380000
1343399743,7.300000000000,4.476390680000
1343399868,7.100000000000,2.722257380000
1343401054,7.000000000000,3.560115890000
1343401054,7.000000000000,2.757257830000
1343401073,7.000000000000,0.881274340000
1343406719,7.100000000000,3.560115890000
1343406719,7.150000000000,2.439884110000
1343408565,7.150000000000,0.317373720000
1343413602,7.500000000000,2.056140270000
1343433650,7.350000000000,0.308737700000
1343579531,7.300000000000,7.411101720000
1343579531,7.300000000000,0.310852340000
1343671125,7.100000000000,0.300000000000
1343684522,7.100000000000,2.937414610000
1343684562,7.200000000000,3.224999990000
1343684600,7.200000000000,0.318219310000
1343684688,7.260000000000,2.872678200000
1343684723,7.260000000000,0.352321790000
1343684784,7.280000000000,3.216140100000
1343684847,7.280000000000,1.314916450000
1343684847,7.300000000000,3.555633920000
1343684847,7.330000000000,1.399296890000
1343684857,7.330000000000,1.336199610000
1343684871,7.330000000000,0.048978990000
1343684882,7.330000000000,0.088202710000
1343684970,7.300000000000,0.088202710000
1343684970,7.300000000000,2.796281020000
1343684982,7.300000000000,3.555271450000
1343726361,7.300000000000,1.303473390000
1343732172,7.350000000000,0.621935910000
1343804173,7.400000000000,3.012056620000
1343808723,7.500000000000,3.943859730000
1343948350,8.500000000000,1.000000000000
1343948350,8.800000000000,1.000000000000
1344030020,8.800000000000,0.224451300000
1344077821,8.850000000000,0.008737700000
1344087652,8.900000000000,0.500000000000
1344087652,9.000000000000,1.055271450000
1344087652,9.000000000000,1.000000000000
1344194382,8.400000000000,2.224451300000
1344194693,8.400000000000,1.495482390000
1344194711,8.400000000000,0.004517610000
1344194717,8.400000000000,0.716140100000
1344194811,8.400000000000,1.548713660000
1344194868,8.400000000000,1.335770070000
1344194868,8.450000000000,0.867256780000
1344194916,8.400000000000,0.872419030000
1344194930,8.400000000000,0.872419030000
1344194962,8.400000000000,0.524533310000
1344194962,8.450000000000,0.800197340000
1344195094,8.410000000000,0.804003270000
1344195306,8.380000000000,0.806881560000
1344195356,8.370000000000,1.401959340000
1344195356,8.360000000000,1.457401790000
1344195394,8.360000000000,0.098721980000
1344195394,8.360000000000,1.303237360000
1344195506,8.370000000000,1.303237360000
1344195597,8.380000000000,0.517849090000
1344195626,8.380000000000,0.586264850000
1344195640,8.380000000000,0.197568240000
1344195699,8.370000000000,0.097047000000
1344195700,8.360000000000,1.557800760000
1344195700,8.350000000000,0.645226090000
1344196639,8.360000000000,0.615514780000
1344196659,8.350000000000,0.432618220000
1344196668,8.350000000000,0.182896560000
1344197217,8.350000000000,0.182896560000
1344197226,8.350000000000,0.067562250000
1344197694,8.340000000000,0.432618220000
1344197712,8.340000000000,0.384454770000
1344197712,8.330000000000,1.015829590000
1344197753,8.340000000000,1.397390810000
1344197792,8.330000000000,1.202374580000
1344197792,8.330000000000,0.434395840000
1344197792,8.310000000000,0.633039420000
1344197864,8.320000000000,2.218204170000
1344197920,8.330000000000,0.633039420000
1344197920,8.340000000000,1.161981460000
1344197920,8.350000000000,0.115334310000
1344197920,8.350000000000,0.067562250000
1344197920,8.360000000000,0.029711310000
1344197920,8.370000000000,1.243171510000
1344198021,8.330000000000,0.037517720000
1344198131,8.340000000000,1.794261840000
1344198149,8.340000000000,1.456538420000
1344198149,8.350000000000,0.335574600000
1344198358,8.330000000000,0.336380300000
1344198447,8.320000000000,0.054491630000
1344198447,8.320000000000,0.281888670000
1344198467,8.320000000000,1.179901690000
1344198467,8.310000000000,0.757219510000
1344198505,8.310000000000,0.802612390000
1344198505,8.300000000000,2.152428410000
1344198547,8.300000000000,3.742790350000
1344204142,8.380000000000,1.429856370000
1344204163,8.380000000000,1.429856370000
1344204171,8.380000000000,0.402448680000
1344204171,8.370000000000,1.027407690000
1344204178,8.370000000000,0.402448680000
1344204214,8.380000000000,1.429856370000
1344207813,8.380000000000,1.429856370000
1344207828,8.380000000000,0.400742400000
1344207828,8.370000000000,0.033113090000
1344207828,8.360000000000,0.996000880000
1344207838,8.360000000000,0.400742400000
1344207855,8.360000000000,0.864974460000
1344207855,8.350000000000,0.531768820000
1344207860,8.350000000000,0.864974460000
1344207881,8.350000000000,1.396743280000
1344207890,8.350000000000,0.926891870000
1344207890,8.340000000000,0.469851410000
1344207895,8.340000000000,0.860073590000
1344207895,8.300000000000,0.066818280000
1344266502,8.500000000000,0.334425000000
1344266502,8.750000000000,1.000000000000
1344266916,8.900000000000,1.302540730000
1344266955,8.850000000000,1.302540730000
1344266969,9.000000000000,1.000000000000
1344266999,9.100000000000,2.255767630000
1344267011,8.900000000000,0.078657370000
1344267082,9.000000000000,2.255767630000
1344267163,9.050000000000,2.087734020000
1344280710,9.050000000000,0.246690980000
1344323601,9.000000000000,1.115410520000
1344367764,9.000000000000,0.712222220000
1344368547,8.800000000000,1.115410520000
1344368567,8.800000000000,1.375511800000
1344368588,8.800000000000,0.033113090000
1344368651,8.850000000000,2.524035410000
1344368865,8.900000000000,2.524035410000
1344493945,8.950000000000,0.712222220000
1344502678,9.100000000000,0.246690980000
1344528117,9.200000000000,0.246690980000
1344531458,9.200000000000,2.933309020000
1344546971,9.200000000000,0.246690980000
1344572248,9.100000000000,0.453791310000
1344572248,9.100000000000,0.246690980000
1344660614,9.100000000000,0.700482290000
1344836440,9.250000000000,0.246690980000
1345027509,9.800000000000,1.000000000000
1345234558,9.410000000000,1.000000000000
1345351100,9.410000000000,0.054000000000
1345368641,8.900000000000,0.201334030000
1345368650,8.850000000000,1.052244270000
1345368663,8.800000000000,0.577595060000
1345368676,8.750000000000,0.122212030000
1345368743,8.600000000000,0.988372100000
1345368814,8.500000000000,1.000000000000
1345441771,8.200000000000,2.724111380000
1345442061,8.100000000000,2.156038910000
1345468963,8.000000000000,2.314312980000
1345480245,7.500000000000,2.314312980000
1345489790,7.800000000000,2.724111380000
1345572604,7.500000000000,2.314312980000
1345577829,7.500000000000,4.685687020000
1345577987,8.000000000000,2.156038910000
1345591832,8.000000000000,2.000000000000
1345966232,7.500000000000,0.198170720000
1345966232,7.500000000000,0.800000000000
1345982548,7.500000000000,0.001829280000
1345982589,7.500000000000,0.001829280000
1346070442,8.350000000000,2.725369440000
1346070677,8.450000000000,0.540000000000
1346084520,8.450000000000,0.037595060000
1346084531,8.500000000000,1.052244270000
1346107416,8.700000000000,2.314312980000
1346107514,8.750000000000,0.001829280000
1346107559,8.750000000000,2.299259050000
1346107603,8.750000000000,0.015053930000
1346107603,8.800000000000,2.301088330000
1346107641,8.810000000000,2.298476430000
1346107641,8.800000000000,0.017665830000
1346107666,8.850000000000,2.298476430000
1346107731,9.000000000000,0.266590240000
1346107860,8.800000000000,2.582732500000
1346110658,8.800000000000,0.393935020000
1346110673,8.500000000000,3.073970240000
1346110690,8.500000000000,2.673887770000
1346110728,8.500000000000,1.435939470000
1346110738,8.500000000000,0.957180100000
1346110800,8.500000000000,2.116790140000
1346110814,8.500000000000,2.510725160000
1346110824,8.500000000000,2.510725160000
1346110834,8.500000000000,0.453395630000
1346110834,8.400000000000,0.968575100000
1346110878,8.200000000000,0.968575100000
1346110950,8.300000000000,2.393119570000
1346110984,8.300000000000,0.731583080000
1346110984,8.250000000000,1.661536490000
1346110992,8.250000000000,0.731583080000
1346111013,8.350000000000,2.673887770000
1346111061,8.350000000000,0.417774030000
1346111061,8.260000000000,1.975345540000
1346111087,8.260000000000,0.727676600000
1346111087,8.250000000000,0.014503760000
1346111087,8.250000000000,2.349481440000
1346111114,8.400000000000,1.088754430000
1346111114,8.450000000000,0.453395630000
1346111114,8.450000000000,0.968575100000
1346111134,8.450000000000,2.510725160000
1346111157,8.450000000000,0.508716020000
1346111157,8.250000000000,0.051096410000
1346111177,8.000000000000,0.508716020000
1346111215,8.200000000000,1.950912730000
1346111215,8.200000000000,0.508716020000
1346111247,8.200000000000,2.703022140000
1346111273,8.200000000000,1.083834370000
1346111273,8.200000000000,1.619187770000
1346111291,8.300000000000,2.459628750000
1346111319,8.400000000000,0.502659880000
1346111360,8.300000000000,0.210826860000
1346111360,8.300000000000,2.204254750000
1346111400,8.330000000000,2.406383840000
1346111400,8.300000000000,0.008697770000
1346111443,8.350000000000,0.502659880000
1346111443,8.400000000000,2.136004590000
1346111457,8.400000000000,0.064357670000
1346111457,8.400000000000,0.435310190000
1346111485,8.300000000000,0.246676230000
1346111485,8.200000000000,0.331724960000
1346111485,8.100000000000,2.060263280000
1346111498,8.400000000000,2.024318560000
1346111498,8.450000000000,0.499667860000
1346111530,8.500000000000,0.003169220000
1346111530,8.400000000000,0.502642070000
1346111545,8.400000000000,0.081287670000
1346111578,8.400000000000,2.527155640000
1346111605,8.450000000000,0.502642070000
1346111691,8.450000000000,2.036473030000
1346111691,8.440000000000,0.490682610000
1346111802,8.440000000000,0.012555010000
1346111802,8.400000000000,0.478127600000
1346111809,8.400000000000,0.012555010000
1346111821,8.540000000000,0.081287670000
1346111821,8.550000000000,0.413179950000
1346111838,8.400000000000,0.494467620000
1346111897,8.400000000000,0.985150230000
1346111903,8.400000000000,0.985150230000
1346111939,8.500000000000,2.539115100000
1346111939,8.550000000000,1.647083330000
1346112024,8.590000000000,2.406383840000
1346112097,8.600000000000,0.985150230000
1346112097,8.650000000000,2.075467830000
1346112141,8.650000000000,2.110730600000
1346112141,8.650000000000,0.958869920000
1346112158,8.650000000000,0.964564430000
1346112174,8.650000000000,1.137183710000
1346112174,8.650000000000,0.973546890000
1346112221,8.650000000000,2.096053630000
1346112221,8.650000000000,0.964564430000
1346112221,8.650000000000,0.743120410000
1346112235,8.650000000000,1.367610190000
1346112235,8.650000000000,1.471563850000
1346112268,8.650000000000,0.934819990000
1346112268,8.650000000000,2.131492580000
1346112348,8.650000000000,1.672245890000
1346112348,8.650000000000,0.734137950000
1346112491,8.650000000000,2.105036090000
1346112491,8.700000000000,0.287517950000
1346112522,8.700000000000,2.778794620000
1346112522,8.700000000000,2.392554040000
1346112549,8.700000000000,0.412680430000
1346112549,8.650000000000,1.993703410000
1346112572,8.650000000000,1.090333510000
1346112622,8.600000000000,1.096672660000
1346112622,8.600000000000,2.420374430000
1346112622,8.600000000000,2.066982000000
1346112637,8.600000000000,0.355791750000
1346112649,8.600000000000,2.064582680000
1346112741,8.630000000000,1.096672660000
1346112741,8.630000000000,1.293019500000
1346112754,8.620000000000,2.389692160000
1346112772,8.630000000000,1.096672660000
1346112787,8.620000000000,1.096672660000
1346112794,8.630000000000,0.033081590000
1346112794,8.640000000000,1.061052480000
1346112800,8.620000000000,0.375091860000
1346112800,8.620000000000,0.719042210000
1346112843,8.640000000000,1.003530200000
1346112912,8.640000000000,1.416439410000
1346112912,8.640000000000,2.389692160000
1346112912,8.630000000000,0.774367320000
1346112920,8.630000000000,0.774367320000
1346112960,8.600000000000,1.416439410000
1346112994,8.600000000000,2.389692160000
1346113672,8.600000000000,1.003530200000
1346113710,8.600000000000,1.003530200000
1346113754,8.600000000000,1.433497560000
1346113754,8.600000000000,1.003530200000
1346113754,8.590000000000,0.106128190000
1346113754,8.590000000000,1.418088350000
1346113754,8.590000000000,0.619254590000
1346113762,8.590000000000,0.385443870000
1346113762,8.580000000000,2.051583890000
1346113774,8.610000000000,1.003530200000
1346113774,8.650000000000,0.903369900000
1346113774,8.650000000000,1.090333510000
1346113785,8.650000000000,2.528915000000
1346113810,8.650000000000,1.443147150000
1346113810,8.600000000000,0.608436740000
1346113911,8.600000000000,1.935181250000
1346113911,8.600000000000,2.005294710000
1346113911,8.590000000000,2.062372390000
1346113950,8.580000000000,0.343678650000
1346115414,8.580000000000,1.099273480000
1346115425,8.560000000000,0.344481640000
1346115425,8.550000000000,0.754791840000
1346115449,8.570000000000,1.000000000000
1346115487,8.570000000000,0.097110040000
1346115487,8.550000000000,0.260475560000
1346115487,8.550000000000,0.397206240000
1346115495,8.550000000000,0.657681800000
1346115528,8.560000000000,0.097110040000
1346115550,8.560000000000,0.344481640000
1346115570,8.560000000000,0.441591680000
1346115583,8.560000000000,0.441591680000
1346115611,8.580000000000,0.619420260000
1346115611,8.580000000000,0.261704400000
1346129377,8.570000000000,0.882152810000
1346183475,8.560000000000,0.086275410000
1346183475,8.550000000000,0.880172000000
1346183525,8.550000000000,0.882152810000
1346183555,8.560000000000,0.881122260000
1346183555,8.550000000000,0.967477960000
1346183593,8.580000000000,0.881122260000
1346184387,8.580000000000,1.925210050000
1346184387,8.570000000000,0.882150400000
1346184387,8.550000000000,0.054159950000
1346184400,8.550000000000,1.979370000000
1346184456,8.580000000000,0.882150400000
1346188429,8.590000000000,0.967477960000
1346188429,8.600000000000,1.352217360000
1346188459,8.600000000000,1.350646840000
1346188506,8.580000000000,2.543617990000
1346188551,8.590000000000,2.540656850000
1346188551,8.590000000000,0.885111540000
1346188563,8.600000000000,0.302430510000
1346188580,8.600000000000,2.540656850000
1346188594,8.610000000000,1.979370000000
1346188635,8.620000000000,0.555392060000
1346188635,8.600000000000,0.329719480000
1346188954,8.630000000000,1.184700980000
1346189117,8.600000000000,1.184700980000
1346193060,8.610000000000,1.183325020000
1346249258,8.600000000000,0.030630100000
1346249258,8.590000000000,0.468680000000
1346249258,8.580000000000,0.684014920000
1346249283,8.580000000000,0.468680000000
1346249569,8.580000000000,0.254288700000
1346249569,8.580000000000,0.216559970000
1346263883,8.500000000000,0.879798170000
1346263883,8.500000000000,0.323001830000
1346450833,8.000000000000,0.299914020000
1346466039,7.340000000000,0.500000000000
1346466175,7.000000000000,0.500000000000
1346471165,7.000000000000,1.475000000000
1346484471,7.000000000000,0.011741390000
1346529756,6.990000000000,0.456000000000
1346590089,3.990000000000,1.000000000000
1346590124,4.990000000000,1.000000000000
1346590149,5.990000000000,1.000000000000
1346661551,6.500000000000,10.000000000000
1346668257,6.990000000000,1.042084740000
1346668271,7.200000000000,1.736627630000
1346668307,7.200000000000,3.684573680000
1346670873,7.200000000000,0.625000000000
1346689827,7.000000000000,2.401669570000
1346689850,7.200000000000,2.317821250000
1346702436,7.200000000000,0.006063420000
1346758508,7.990000000000,0.145000000000
1346758554,8.000000000000,3.662224170000
1346759025,8.000000000000,34.337775830000
1346770127,8.490000000000,2.000000000000
1346787140,8.040000000000,0.144098250000
1346787140,8.000000000000,0.411293810000
1346788155,8.190000000000,0.144098250000
1346788155,8.200000000000,3.684573680000
1346788155,8.200000000000,1.979370000000
1346793405,8.200000000000,0.191958070000
1346844936,8.150000000000,1.995000000000
1346845415,8.200000000000,1.000000000000
1346855663,8.200000000000,4.496721610000
1346859312,8.150000000000,0.068970770000
1346859312,8.100000000000,3.661029230000
1346872950,8.200000000000,15.000000000000
1346873834,8.250000000000,0.250930360000
1346877529,8.250000000000,2.759964070000
1346887220,8.170000000000,1.130895310000
1346887220,8.160000000000,5.716565360000
1346887281,8.150000000000,1.162575260000
1346908590,8.240000000000,1.000000000000
1346908602,8.290000000000,15.993540720000
1346965382,8.280000000000,1.130895310000
1346965382,8.290000000000,7.066459280000
1346965382,8.300000000000,15.802645410000
1346965409,8.300000000000,0.047326410000
1346965601,8.300000000000,12.000000000000
1346995488,8.300000000000,4.000000000000
1347007883,8.300000000000,24.084337340000
1347016781,8.180000000000,0.550122240000
1347016878,8.170000000000,1.146121560000
1347016878,8.160000000000,5.593980730000
1347016878,8.150000000000,1.011042950000
1347016878,8.100000000000,0.069033010000
1347016878,8.000000000000,1.629699510000
1347029845,8.290000000000,2.157164510000
1347029845,8.300000000000,6.391028260000
1347029991,8.300000000000,0.002598990000
1347119267,8.290000000000,0.550122240000
1347119288,8.300000000000,0.209576700000
1347220113,8.160000000000,0.010000000000
1347227395,8.200000000000,0.009951220000
1347257660,8.200000000000,2.000000000000
1347295360,8.180000000000,0.010000000000
1347296271,8.200000000000,0.793682920000
1347299048,8.200000000000,0.009975610000
1347194892,34.010000000000,0.000074570000
1347194892,34.000000000000,8.990000000000
1347194892,34.000000000000,0.440000000000
1347194892,34.000000000000,2.058800000000
1347198187,33.920000000000,0.440000000000
1347198221,33.840000000000,0.440000000000
1347198325,33.760000000000,0.440000000000
1347198445,33.680000000000,0.330000000000
1347198466,33.680000000000,0.110000000000
1347198645,33.200000000000,0.294900000000
1347217054,33.990000000000,0.132512030000
1347226570,33.900000000000,0.294900000000
1347226570,33.990000000000,0.367487970000
1347226614,34.000000000000,8.511125430000
1347226725,34.790000000000,0.513996000000
1347226725,34.800000000000,0.400000000000
1347226725,34.870000000000,0.101600000000
1347226725,34.880000000000,0.400000000000
1347226817,34.940000000000,0.882464210000
1347238714,34.960000000000,0.400000000000
1347238714,35.000000000000,0.050000000000
1347245110,35.040000000000,0.400000000000
1347245110,35.100000000000,1.000000000000
1347245110,35.120000000000,0.400000000000
1347257933,35.190000000000,0.500000000000
1347263656,34.250000000000,0.520000000000
1347266378,33.330000000000,0.160000000000
1347268936,33.410000000000,0.106900000000
1347268936,33.400000000000,2.081100000000
1347278399,34.890000000000,0.106900000000
1347278399,34.900000000000,1.893100000000
1347304044,34.500000000000,14.492753630000
1347305339,34.250000000000,5.598571360000
1347305339,34.210000000000,7.161875550000
1347305339,34.200000000000,32.456140350000
1347388521,35.000000000000,42.822489070000
1347388521,35.000000000000,4.350000000000
1347388553,35.200000000000,0.004622820000
1347388553,35.200000000000,5.360000000000
1347389248,35.010000000000,0.108900000000
1347389248,35.000000000000,1.702391110000
1347392126,34.710000000000,1.000000000000
1347392870,34.720000000000,5.529953920000
1347392870,34.710000000000,7.610046080000
1347393438,34.710000000000,5.389953920000
1347393438,34.700000000000,6.371791260000
1347393461,34.900000000000,28.000000000000
1347393462,35.000000000000,5.714285710000
1347394368,35.000000000000,4.285714290000
1347395141,35.200000000000,0.885789540000
1347396259,35.200000000000,0.114210460000
1347396260,35.010000000000,0.285789540000
1347396273,35.010000000000,0.400000000000
1347396285,35.010000000000,0.400000000000
1347403864,8.190000000000,0.009975610000
1347403871,8.190000000000,0.069033010000
1347403885,8.300000000000,0.068118120000
1347404527,8.300000000000,137.394368770000
1347422886,8.300000000000,0.079008620000
1347445092,8.550000000000,7.186390250000
1347471389,8.460000000000,7.513063050000
1347473208,8.450000000000,10.000000000000
1347483807,8.600000000000,14.346936950000
1347484003,8.650000000000,10.000000000000
1347487578,8.750000000000,0.020000000000
1347495781,8.430000000000,2.121351610000
1347517018,8.430000000000,7.878648390000
1347553535,8.550000000000,1.000000000000
1347553548,8.500000000000,2.000000000000
1347559221,8.500000000000,1.000000000000
1347578253,8.690000000000,1.121351610000
1347578273,8.700000000000,6.970000000000
1347607592,8.700000000000,10.380000000000
1347625899,8.700000000000,1.000000000000
1347628061,8.740000000000,0.500000000000
1347628061,8.750000000000,0.980000000000
1347628061,8.780000000000,0.500000000000
1347628061,8.790000000000,2.000058610000
1347628061,8.800000000000,3.661029230000
1347637232,9.000000000000,0.733409760000
1347637232,9.000000000000,2.063921990000
1347637232,9.000000000000,0.484277730000
1347650489,8.810000000000,1.053501190000
1347652256,8.810000000000,1.046901250000
1347654490,8.800000000000,2.358912160000
1347659136,8.960000000000,1.046901250000
1347659136,8.970000000000,1.299597560000
1347659136,8.980000000000,1.053501190000
1347659136,9.000000000000,20.000000000000
1347659352,9.000000000000,0.641087840000
1347659669,9.010000000000,0.700000000000
1347660292,9.000000000000,1.300000000000
1347662139,9.000000000000,4.658912160000
1347664128,9.050000000000,5.375300490000
1347665813,9.050000000000,10.000000000000
1347688589,9.000000000000,1.941087840000
1347690001,9.000000000000,8.058912160000
1347703143,8.980000000000,6.941087840000
1347703143,8.990000000000,0.700000000000
1347707459,9.050000000000,0.728176800000
1347708760,9.050000000000,10.987652710000
1347793315,9.010000000000,0.698446180000
1347793402,9.000000000000,2.358912160000
1347793448,8.910000000000,0.722410310000
1347793448,8.910000000000,0.684287310000
1347793448,8.900000000000,10.000000000000
1347794439,8.900000000000,0.535944040000
1347802765,9.360000000000,2.105143800000
1347802765,9.370000000000,2.800000000000
1347802765,9.390000000000,5.094856200000
1347824744,9.090000000000,2.167672820000
1347824744,9.080000000000,2.889444180000
1347824744,9.050000000000,6.274883000000
1347825724,9.050000000000,3.730117000000
1347884392,8.990000000000,0.068118120000
1347886417,9.050000000000,5.225421080000
1347899541,9.050000000000,1.353591160000
1347909649,9.000000000000,1.630000000000
1347978569,8.900000000000,2.000000000000
1347984471,8.970000000000,2.167672820000
1347984498,8.980000000000,7.281288950000
1347985665,8.900000000000,5.000000000000
1347985723,8.550000000000,5.000000000000
1347985796,8.500000000000,2.005000000000
1347987101,8.500000000000,2.000000000000
1347987152,8.600000000000,10.000000000000
1347987225,8.600000000000,0.021072390000
1347992455,8.500000000000,6.310989350000
1347992638,8.490000000000,0.513368620000
1347992826,8.450000000000,0.098158470000
1347993125,8.450000000000,1.843162900000
1347993257,8.450000000000,0.009584750000
1347993679,8.410000000000,2.312012510000
1347993825,8.400000000000,2.211344990000
1347995860,8.450000000000,7.000000000000
1347995906,8.450000000000,0.600000000000
1348020681,8.970000000000,2.312012510000
1348020703,8.980000000000,2.788711050000
1348035467,9.360000000000,3.285011200000
1348050343,8.810000000000,1.000000000000
1348059224,9.350000000000,1.000000000000
1348064607,9.500000000000,1.000000000000
1348064750,9.310000000000,2.000000000000
1348064787,9.260000000000,0.211344990000
1348065533,9.750000000000,6.400000000000
1348065719,9.750000000000,1.034900000000
1348066385,9.890000000000,2.005000000000
1348066482,9.990000000000,0.211344990000
1348067364,10.000000000000,8.000000000000
1348068734,10.000000000000,5.000000000000
1348069303,10.000000000000,1.000000000000
1348072350,10.000000000000,0.293767250000
1348085831,9.510000000000,0.513368620000
1348102243,9.510000000000,1.500000000000
1348106265,9.510000000000,0.224144760000
1348107437,9.500000000000,5.000000000000
1348136931,9.200000000000,2.237513380000
1348136950,9.490000000000,2.169138360000
1348138555,9.200000000000,5.000000000000
1348142897,9.400000000000,1.618000000000
1348142897,9.490000000000,0.382000000000
1348142941,9.490000000000,6.350368800000
1348160931,9.300000000000,6.000000000000
1348285439,9.300000000000,4.000000000000
1348285448,9.250000000000,5.954348080000
1348414342,9.200000000000,2.700000000000
1348506016,9.200000000000,0.062486620000
1348506016,9.100000000000,1.627223380000
1348527457,9.200000000000,6.500000000000
1348534578,9.200000000000,13.500000000000
1348540310,9.150000000000,10.500000000000
1348577850,9.200000000000,2.300000000000
1348578351,9.200000000000,1.100000000000
1348606372,9.200000000000,4.000000000000
1348609892,9.200000000000,2.600000000000
1348609917,9.170000000000,0.066220120000
1348611999,9.170000000000,9.938779880000
1348612888,9.150000000000,0.500000000000
1348613151,9.100000000000,0.500000000000
1348638070,9.200000000000,2.505434780000
1348656927,9.200000000000,3.000000000000
1348694540,9.200000000000,2.393478260000
1348697272,9.150000000000,2.162307080000
1348698071,9.150000000000,5.000000000000
1348832086,9.450000000000,10.000000000000
1348845317,9.450000000000,5.000000000000
1348860131,9.750000000000,3.000000000000
1348935530,9.740000000000,0.975359340000
1348936709,9.350000000000,2.245989310000
1349059003,9.310000000000,6.444833980000
1349059024,9.300000000000,10.000000000000
1349092491,9.250000000000,1.000000000000
1349103073,9.250000000000,1.000000000000
1349108939,9.200000000000,4.200000000000
1349126785,9.150000000000,2.837692920000
1349189229,9.150000000000,10.000000000000
1349200889,9.100000000000,1.804644750000
1349202386,9.000000000000,8.495355250000
1349269218,9.010000000000,10.000000000000
1349334040,9.250000000000,3.100000000000
1349348334,9.300000000000,5.000000000000
1349348334,9.300000000000,10.000000000000
1349348334,9.500000000000,5.000000000000
1349348334,9.500000000000,10.717473100000
1349348334,9.600000000000,4.282526900000
1349349964,9.600000000000,0.717473100000
1349349964,9.740000000000,4.024640660000
1349366746,9.750000000000,0.257886240000
1349405483,9.500000000000,10.000000000000
1349455131,9.310000000000,3.868300000000
1349511095,9.400000000000,1.600000000000
1349511187,9.400000000000,0.104709480000
1349548309,9.400000000000,1.000000000000
1349548574,9.400000000000,1.000000000000
1349549060,9.550000000000,0.984293200000
1349597656,9.400000000000,1.000000000000
1349603670,9.320000000000,5.000000000000
1349603670,9.310000000000,9.015706800000
1349628547,9.310000000000,3.100000000000
1349638466,9.310000000000,0.073995340000
1349650061,9.310000000000,0.126004660000
1349716886,8.540000000000,0.014278430000
1349717991,8.540000000000,9.785656840000
1349717991,8.540000000000,0.214343160000
1349768604,8.800000000000,0.010000000000
1349768604,8.700000000000,1.990000000000
1349768620,8.700000000000,2.000000000000
1349768637,8.700000000000,2.000000000000
1349768649,8.700000000000,2.000000000000
1349768666,8.700000000000,2.000000000000
1349768678,8.700000000000,2.000000000000
1349774580,8.850000000000,2.000000000000
1349871030,9.130000000000,0.008416050000
1349945126,9.530000000000,5.000000000000
1349950000,9.310000000000,0.100000000000
1349973860,9.310000000000,0.500000010000
1350026290,9.350000000000,3.499999990000
1350036298,9.500000000000,2.000000000000
1350088551,9.350000000000,5.320000000000
1350201355,9.300000000000,0.004000000000
1350280118,9.320000000000,10.000000000000
1350280190,9.310000000000,7.000000000000
1350281092,9.310000000000,13.000000000000
1350340138,9.150000000000,11.500000000000
1350351217,9.200000000000,0.931521730000
1350353078,9.150000000000,3.500000000000
1350353109,9.050000000000,4.181000010000
1350353141,9.030000000000,20.037999990000
1350353164,9.030000000000,4.181000000000
1350358308,9.030000000000,0.908107830000
1350377869,9.050000000000,0.191368120000
1350404851,9.100000000000,0.027399430000
1350404851,9.050000000000,9.808631880000
1350404851,9.030000000000,6.837192800000
1350404851,9.020000000000,2.395254160000
1350546518,9.050000000000,0.032800000000
1350548283,9.050000000000,9.972200000000
1350562054,9.050000000000,0.527800000000
1350562054,9.050000000000,2.000000000000
1350588797,9.140000000000,10.874316930000
1350642976,9.050000000000,7.472200000000
1350642976,9.020000000000,7.604745840000
1350642976,9.000000000000,8.000000000000
1350699213,8.730000000000,5.260000000000
1350729951,8.740000000000,10.400000000000
1350813518,8.730000000000,1.500000000000
1350861167,8.730000000000,2.000000000000
1350920473,8.740000000000,1.804644750000
1350936142,8.750000000000,2.000000000000
1350968587,8.740000000000,3.195355250000
1350978826,8.730000000000,1.160144750000
1350991143,8.800000000000,2.000000000000
1350991143,8.850000000000,2.000000000000
1350991143,8.900000000000,2.000000000000
1351044405,8.850000000000,11.707737200000
1351056852,8.750000000000,30.800000000000
1351074033,8.820000000000,8.000000000000
1351124766,8.740000000000,5.000000000000
1351124766,8.730000000000,5.112200000000
1351126257,8.730000000000,2.092512070000
1351126267,8.540000000000,0.357335480000
1351126267,8.540000000000,10.000000000000
1351126325,8.420000000000,20.760152450000
1351163461,8.450000000000,0.101775140000
1351164145,8.450000000000,3.187798420000
1351164264,8.450000000000,4.082840240000
1351171922,8.420000000000,5.980000000000
1351211191,8.000000000000,3.000000000000
1351218619,8.000000000000,2.489426200000
1351229264,8.000000000000,0.155000000000
1351237074,8.000000000000,5.949600000000
1351280068,7.500000000000,0.002630900000
1351281705,7.500000000000,10.000000000000
1351282973,7.500000000000,0.017797640000
1351317217,7.500000000000,0.019680170000
1351387809,8.250000000000,2.500000000000
1351387830,8.450000000000,2.265987590000
1351499141,8.020000000000,0.667614600000
1351502786,8.000000000000,2.540000000000
1351536034,8.000000000000,2.409500000000
1351536034,8.020000000000,1.414000000000
1351581372,8.050000000000,0.176500000000
1351581372,7.500000000000,2.823500000000
1351604878,8.300000000000,2.540000000000
1351604968,8.400000000000,0.600000000000
1351605096,8.450000000000,2.500000000000
1351677351,8.150000000000,2.969500000000
1351711057,8.390000000000,1.000000000000
1351712748,8.390000000000,6.042113760000
1351712807,8.400000000000,5.000000000000
1351811252,8.450000000000,6.000000000000
1351811623,8.180000000000,5.197000000000
1351811623,8.150000000000,0.030500000000
1351811837,8.050000000000,4.000000000000
1351811837,8.000000000000,6.000000000000
1351811943,8.100000000000,12.150205620000
1351812290,8.000000000000,4.000000000000
1351870964,7.600000000000,1.852040000000
1351899003,7.600000000000,5.147960000000
1351899099,7.500000000000,20.000000000000
1351923507,7.500000000000,114.176995360000
1351931761,7.500000000000,2.657004640000
1351964191,8.150000000000,4.000000000000
1351971206,8.100000000000,4.000000000000
1352012440,8.000000000000,4.000000000000
1352065580,8.050000000000,5.000000000000
1352104088,8.000000000000,2.000000000000
1352210837,5.040000000000,1.001403770000
1352217348,5.040000000000,1.374096230000
1352223944,7.900000000000,1.069018370000
1352225646,7.900000000000,0.188721540000
1352226420,7.900000000000,0.050000000000
1352245744,7.900000000000,2.157700000000
1352264306,7.900000000000,1.000000000000
1352290440,8.000000000000,0.500000000000
1352293562,8.000000000000,5.000000000000
1352294360,8.300000000000,4.000000000000
1352294371,8.350000000000,8.000000000000
1352295498,8.400000000000,6.000000000000
1352295630,8.450000000000,2.500000000000
1352300088,8.200000000000,0.500000000000
1352300530,8.200000000000,1.530000000000
1352317888,8.200000000000,3.840524370000
1352321429,8.200000000000,0.220000000000
1352321443,8.200000000000,0.007036610000
1352321443,8.100000000000,20.000000000000
1352321494,8.000000000000,7.772963390000
1352324178,8.050000000000,6.000000000000
1352324225,8.000000000000,3.220000000000
1352324259,8.000000000000,0.007036610000
1352324259,7.950000000000,7.992963390000
1352324296,7.950000000000,0.007036610000
1352324296,7.900000000000,1.527523480000
1352324329,7.900000000000,0.007036610000
1352324329,7.800000000000,7.992963390000
1352324362,7.800000000000,0.007036610000
1352324362,7.700000000000,2.472963390000
1352355709,8.050000000000,1.502234000000
1352380838,8.350000000000,0.070000000000
1352405794,8.050000000000,0.040930750000
1352410167,8.050000000000,1.081069250000
1352410329,8.000000000000,0.245030750000
1352433655,8.350000000000,1.276988430000
1352491650,8.250000000000,3.200000000000
1352492047,8.300000000000,6.097560980000
1352579297,8.200000000000,5.000000000000
1352580911,8.150000000000,3.000000000000
1352581002,8.100000000000,2.190000000000
1352587637,8.100000000000,7.810000000000
1352587745,8.050000000000,0.072660000000
1352587745,8.050000000000,1.324500000000
1352587745,8.000000000000,18.352840000000
1352587870,8.000000000000,1.400000000000
1352587902,8.000000000000,0.002129250000
1352587902,7.900000000000,11.807870750000
1352588293,7.900000000000,8.190000000000
1352680796,8.100000000000,3.000000000000
1352686078,8.000000000000,5.000000000000
1352703911,7.950000000000,3.731500000000
1352718561,8.100000000000,15.000000000000
1352718613,8.290000000000,9.274400000000
1352722781,8.400000000000,2.800000000000
1352722819,8.500000000000,2.190000000000
1352722937,8.200000000000,5.000000000000
1352722957,8.200000000000,0.061979130000
1352722957,8.100000000000,9.938020870000
1352723072,8.100000000000,0.061979130000
1352723072,8.000000000000,2.738020870000
1352726787,8.000000000000,7.260000000000
1352726853,8.050000000000,5.955000000000
1352726885,8.050000000000,3.595000000000
1352726930,8.000000000000,0.001979130000
1352726930,7.950000000000,5.948020870000
1352727018,7.950000000000,0.007240910000
1352727018,7.900000000000,0.002129250000
1352727018,7.900000000000,2.230629840000
1352749227,7.900000000000,7.769370160000
1352749255,7.700000000000,0.150129840000
1352808368,8.050000000000,9.686761780000
1352808763,8.100000000000,16.000000000000
1352813219,8.100000000000,12.000000000000
1352839004,8.050000000000,5.000000000000
1352839034,8.000000000000,10.000000000000
1352839107,7.950000000000,10.000000000000
1352915901,8.200000000000,5.000000000000
1352915901,8.150000000000,5.000000000000
1352915971,8.150000000000,5.000000000000
1352921862,8.200000000000,35.000000000000
1352975119,8.250000000000,12.000000000000
1352980473,8.250000000000,0.388203610000
1352980533,8.200000000000,2.377857600000
1352990642,8.300000000000,2.377857600000
1353002908,8.350000000000,1.658874250000
1353012513,8.350000000000,0.450000000000
1353013090,8.400000000000,7.891100000000
1353015816,8.350000000000,10.000000000000
1353016467,8.350000000000,5.000000000000
1353022119,8.350000000000,10.000000000000
1353022138,8.320000000000,10.000000000000
1353022158,8.300000000000,5.000000000000
1353022260,8.300000000000,2.000000000000
1353022274,8.300000000000,0.622142400000
1353022274,8.260000000000,1.377857600000
1353022287,8.260000000000,1.000000000000
1353022302,8.260000000000,0.011515050000
1353022302,8.250000000000,9.988484950000
1353022320,8.250000000000,0.011515050000
1353022320,8.200000000000,9.988484950000
1353039678,8.200000000000,0.011515050000
1353039678,8.150000000000,0.560163590000
1353039729,8.160000000000,0.098158470000
1353063101,8.500000000000,12.377857600000
1353063167,8.700000000000,10.000000000000
1353063178,8.750000000000,3.999500000000
1353063178,8.750000000000,6.000500000000
1353079660,8.600000000000,0.360000000000
1353081321,8.600000000000,4.000000000000
1353082562,8.750000000000,0.011515050000
1353088526,8.600000000000,3.000000000000
1353092056,8.600000000000,3.400000000000
1353092379,8.600000000000,2.990000000000
1353093485,8.610000000000,10.000000000000
1353093544,8.600000000000,3.801635570000
1353173938,8.900000000000,9.645409490000
1353173985,8.700000000000,10.354590510000
1353184924,9.050000000000,0.150000000000
1353223144,8.710000000000,0.131656410000
1353223174,8.700000000000,1.750299860000
1353245831,8.700000000000,10.000000000000
1353245831,8.650000000000,10.000000000000
1353251451,8.400000000000,9.029047640000
1353252881,8.400000000000,0.970952360000
1353257083,8.250000000000,1.500000000000
1353269905,8.400000000000,0.161607150000
1353269957,8.300000000000,10.000000000000
1353270023,8.200000000000,4.200000000000
1353270041,8.180000000000,4.070000000000
1353331889,8.200000000000,4.789000000000
1353338902,8.450000000000,0.161607150000
1353347592,8.600000000000,1.568392850000
1353352870,8.500000000000,10.000000000000
1353352899,8.450000000000,10.000000000000
1353353002,8.400000000000,10.000000000000
1353353013,8.350000000000,10.000000000000
1353353039,8.300000000000,3.538711190000
1353360792,8.400000000000,0.199000000000
1353376633,9.000000000000,7.700000000000
1353407111,9.000000000000,4.404890370000
1353407141,9.100000000000,1.100000000000
1353416025,9.100000000000,2.100000000000
1353474846,8.750000000000,0.020141230000
1353509823,8.950000000000,10.000000000000
1353509872,8.900000000000,7.353076220000
1353515066,8.900000000000,1.175510000000
1353521410,8.900000000000,1.471413780000
1353521493,8.850000000000,1.528586220000
1353530013,9.100000000000,30.274000000000
1353530013,9.100000000000,9.029047640000
1353564817,9.200000000000,3.067305000000
1353570685,9.100000000000,0.696952360000
1353570765,9.050000000000,4.252547640000
1353574913,9.050000000000,1.182290000000
1353585739,9.200000000000,3.000000000000
1353603373,9.200000000000,2.540000000000
1353607315,9.200000000000,27.014347820000
1353607707,9.100000000000,14.810000000000
1353630112,9.200000000000,0.300000000000
1353644829,9.200000000000,1.085480000000
1353649989,9.200000000000,6.000000000000
1353654894,9.200000000000,6.000000000000
1353667691,9.200000000000,4.000000000000
1353668274,9.200000000000,17.000000000000
1353669429,9.200000000000,10.700000000000
1353669463,9.200000000000,0.015910620000
1353669463,9.150000000000,6.284089380000
1353691922,9.200000000000,64.000000000000
1353693217,9.160000000000,7.000000000000
1353693217,9.160000000000,11.000000000000
1353693302,9.160000000000,18.000000000000
1353717768,9.200000000000,5.000000000000
1353766616,9.160000000000,0.046443190000
1353766616,9.160000000000,1.500000000000
1353766616,9.160000000000,3.480895200000
1353766748,9.150000000000,3.715910620000
1353792560,9.200000000000,16.000000000000
1353792573,9.200000000000,0.988120000000
1353860580,9.200000000000,0.011880000000
1353865462,9.000000000000,6.247530110000
1353873485,9.340000000000,5.488120000000
1353873485,9.350000000000,44.511880000000
1353876893,9.350000000000,0.060517530000
1353882808,9.340000000000,1.000000000000
1353942854,9.000000000000,7.765930000000
1353943101,9.000000000000,2.234070000000
1353943127,8.900000000000,6.760930000000
1353949832,8.920000000000,4.300000000000
1353949859,8.900000000000,3.239070000000
1353949879,8.700000000000,4.846475120000
1353953463,8.900000000000,0.005000000000
1354010403,8.200000000000,0.150000000000
1354019644,8.600000000000,8.600000000000
1354019730,8.500000000000,8.500000000000
1354019788,8.400000000000,8.400000000000
1354021493,8.800000000000,0.200000000000
1354021761,8.700000000000,4.500000000000
1354031764,8.800000000000,9.800000000000
1354059381,9.200000000000,5.000000000000
1354059403,9.350000000000,0.528993090000
1354059423,9.550000000000,3.880362720000
1354087489,9.000000000000,9.000000000000
1354092215,9.000000000000,9.000000000000
1354099546,8.900000000000,8.900000000000
1354099590,8.800000000000,8.800000000000
1354107447,9.400000000000,20.000000000000
1354160727,9.300000000000,2.010339190000
1354167826,9.300000000000,7.280000000000
1354167875,9.300000000000,0.009660810000
1354167875,9.270000000000,9.250339190000
1354167900,9.270000000000,0.449660810000
1354167949,9.260000000000,0.789179100000
1354185784,9.300000000000,0.846475120000
1354192892,9.300000000000,3.453524880000
1354192913,9.270000000000,9.700000000000
1354192937,9.260000000000,6.115200000000
1354195904,9.260000000000,2.355620900000
1354196948,9.150000000000,4.052716700000
1354214272,9.390000000000,1.000000000000
1354217546,9.390000000000,11.000000000000
1354217701,9.400000000000,2.121276590000
1354228560,9.390000000000,9.762726200000
1354229201,9.150000000000,10.800273800000
1354277158,9.160000000000,3.134000000000
1354279517,9.160000000000,1.500000000000
1354282926,9.160000000000,5.366000000000
1354282926,9.150000000000,17.294085810000
1354355481,9.150000000000,2.500000000000
1354359907,9.150000000000,15.300000000000
1354470015,9.150000000000,0.052923690000
1354509031,9.200000000000,10.621300000000
1354524917,9.200000000000,22.578723410000
1354527339,9.200000000000,6.804976590000
1354527361,9.160000000000,0.001550000000
1354528256,9.160000000000,6.800000000000
1354540952,9.150000000000,9.150000000000
1354540968,9.000000000000,0.990000000000
1354543633,9.000000000000,5.000000000000
1354549699,9.010000000000,5.000000000000
1354552222,9.100000000000,6.600000000000
1354566187,9.100000000000,3.410000000000
1354566187,9.010000000000,4.140000000000
1354576564,9.010000000000,0.200000000000
1354580919,9.010000000000,19.283751390000
1354580943,9.000000000000,10.710000000000
1354629478,9.000000000000,10.000000000000
1354631861,9.400000000000,2.300000000000
1354631892,9.500000000000,6.993473410000
1354631907,9.590000000000,10.000000000000
1354633776,9.200000000000,9.000000000000
1354652606,9.500000000000,2.000000000000
1354657907,9.500000000000,0.020979580000
1354657907,9.600000000000,9.979020420000
1354708295,9.450000000000,1.880000000000
1354709422,9.450000000000,8.120000000000
1354709422,9.450000000000,8.880000000000
1354722891,9.600000000000,0.020979580000
1354724820,9.800000000000,4.300000000000
1354776628,9.900000000000,10.000000000000
1354797265,9.970000000000,5.000000000000
1354797311,9.980000000000,0.966933860000
1354798393,9.980000000000,4.033066140000
1354798683,9.990000000000,0.700000000000
1354798718,10.000000000000,1.225699990000
1354802750,10.000000000000,1.774300010000
1354811454,10.000000000000,9.890000000000
1354815360,10.000000000000,0.110000000000
1354815360,9.900000000000,1.890000000000
1354828696,10.100000000000,3.483500000000
1354828696,10.200000000000,1.516500000000
1354850053,10.200000000000,0.983500000000
1354865889,9.910000000000,5.425986240000
1354865950,9.900000000000,5.000000000000
1354873439,9.900000000000,3.000000000000
1354873454,9.900000000000,0.010000000000
1354873454,9.850000000000,9.990000000000
1354873470,9.850000000000,0.020000000000
1354873470,9.810000000000,19.980000000000
1354873483,9.810000000000,0.356391440000
1354873483,9.800000000000,1.643608560000
1354873582,9.800000000000,3.800000000000
1354873613,9.800000000000,0.056391440000
1354873613,9.700000000000,9.643608560000
1354873636,9.700000000000,0.056391440000
1354873636,9.600000000000,9.543608560000
1354873658,9.600000000000,0.056391440000
1354873658,9.500000000000,12.143608560000
1354874368,9.600000000000,5.000000000000
1354878241,9.500000000000,34.990000000000
1354878293,9.500000000000,34.990000000000
1354901423,9.550000000000,3.684593540000
1354901423,9.550000000000,2.392882750000
1354901423,9.530000000000,3.006295910000
1354901423,9.520000000000,9.897735930000
1354901423,9.500000000000,17.876391440000
1354901751,9.500000000000,21.000000000000
1354911290,10.000000000000,3.684593540000
1354915287,11.000000000000,11.000000000000
1354917837,11.000000000000,11.000000000000
1354917890,11.000000000000,9.713636360000
1354950152,10.990000000000,10.000000000000
1354964304,10.000000000000,10.000000000000
1354964335,9.950000000000,20.000000000000
1354964364,9.900000000000,4.990000000000
1354964446,9.900000000000,4.900000000000
1354997240,10.000000000000,24.415000000000
1355002690,9.910000000000,3.718056040000
1355003021,9.900000000000,0.010000000000
1355003021,9.900000000000,5.271943960000
1355004065,9.900000000000,0.618056040000
1355004191,9.700000000000,0.951943960000
1355021471,10.000000000000,0.450000000000
1355106390,9.600000000000,5.000000000000
1355106464,9.400000000000,9.400000000000
1355109003,9.990000000000,0.700000000000
1355124514,9.900000000000,0.706363640000
1355134693,9.300000000000,3.380000000000
1355142649,9.500000000000,21.341600430000
1355142649,9.900000000000,10.293636360000
1355142649,9.990000000000,3.724419680000
1355142649,10.000000000000,5.225000000000
1355142649,10.000000000000,7.485035000000
1355142677,10.200000000000,5.000000000000
1355151454,10.200000000000,6.940808530000
1355151877,10.000000000000,6.590000000000
1355161401,10.200000000000,0.947385710000
1355175588,10.300000000000,20.000000000000
1355175588,10.200000000000,20.000000000000
1355176100,10.250000000000,3.886503980000
1355187317,10.000000000000,2.663496020000
1355199570,10.150000000000,9.852216750000
1355230303,10.000000000000,0.746503980000
1355230945,9.800000000000,4.250000000000
1355232165,10.150000000000,9.802955660000
1355233578,10.150000000000,6.896551720000
1355240742,10.000000000000,5.000000000000
1355241950,10.000000000000,5.000000000000
1355241950,9.900000000000,9.900000000000
1355241950,9.800000000000,5.570000000000
1355244786,10.150000000000,8.137536940000
1355249968,10.150000000000,80.000000000000
1355250407,10.150000000000,0.310738930000
1355250407,10.480000000000,0.250000000000
1355252514,9.810000000000,3.204174560000
1355252514,9.810000000000,1.795825440000
1355269709,10.000000000000,3.030000000000
1355288130,10.100000000000,3.764913490000
1355319748,10.200000000000,3.500000000000
1355328327,10.250000000000,2.000000000000
1355329674,10.250000000000,2.365184250000
1355329902,10.250000000000,30.000000000000
1355330021,10.250000000000,1.000000000000
1355332223,10.250000000000,1.000000000000
1355333335,10.250000000000,6.950000000000
1355336766,10.500000000000,2.000000000000
1355336978,10.260000000000,2.280000000000
1355369677,10.400000000000,2.100000000000
1355390681,10.500000000000,1.000000000000
1355402875,10.450000000000,2.500000000000
1355406572,10.550000000000,0.500000000000
1355409687,10.680000000000,1.000000000000
1355409699,10.690000000000,2.250000000000
1355409870,10.800000000000,5.900000000000
1355410518,10.800000000000,0.357294770000
1355418977,10.600000000000,5.000000000000
1355419076,10.600000000000,5.000000000000
1355444359,10.600000000000,8.820754710000
1355444520,10.450000000000,0.663636370000
1355444520,10.450000000000,9.515608920000
1355446465,10.450000000000,0.484391080000
1355446481,10.410000000000,0.316342580000
1355446492,10.400000000000,3.199266340000
1355453876,10.600000000000,2.398584900000
1355453903,10.500000000000,2.774060010000
1355470958,10.320000000000,0.390000000000
1355474116,10.320000000000,1.000000000000
1355487429,10.500000000000,4.347355090000
1355504246,10.360000000000,17.490000000000
1355504298,10.360000000000,9.800000000000
1355504317,10.360000000000,0.074864860000
1355504317,10.350000000000,7.615135140000
1355511698,10.750000000000,5.000000000000
1355519425,10.350000000000,2.000000000000
1355523809,10.350000000000,9.300000000000
1355524483,10.500000000000,16.724000000000
1355564393,10.350000000000,40.988321040000
1355564393,10.350000000000,5.000000000000
1355564418,10.330000000000,46.999031950000
1355564434,10.320000000000,2.500000000000
1355583995,10.250000000000,6.684815750000
1355583995,10.250000000000,10.315184250000
1355584055,10.250000000000,17.000000000000
1355584104,10.250000000000,10.000000000000
1355584165,10.250000000000,1.960000000000
1355584177,10.250000000000,0.720000000000
1355584200,10.250000000000,0.004815750000
1355584200,10.000000000000,8.275184250000
1355600298,10.000000000000,1.724815750000
1355600298,10.000000000000,8.275184250000
1355600328,10.000000000000,0.600000000000
1355600508,10.000000000000,0.019598390000
1355611519,10.010000000000,7.609710280000
1355611519,10.000000000000,26.220029720000
1355642690,10.180000000000,0.001800000000
1355658306,10.300000000000,0.001779020000
1355665507,10.030000000000,7.164112640000
1355665549,10.020000000000,2.835887360000
1355666261,10.280000000000,7.164112640000
1355666281,10.290000000000,8.798220980000
1355700555,10.100000000000,0.576187640000
1355700555,10.060000000000,9.001194610000
1355700555,10.020000000000,12.219064050000
1355700555,10.000000000000,14.885187640000
1355729862,9.950000000000,10.000000000000
1355729862,9.950000000000,0.580000000000
1355750235,10.000000000000,5.450000000000
1355764596,9.870000000000,2.890000000000
1355766389,10.000000000000,19.067900000000
1355768282,10.000000000000,141.280000000000
1355768454,10.000000000000,4.910000000000
1355770610,9.990000000000,1.500000000000
1355775902,9.990000000000,8.499000000000
1355775902,10.000000000000,15.610812400000
1355775927,10.000000000000,0.005000000000
1355775963,10.000000000000,10.000000000000
1355779132,10.000000000000,70.000000000000
1355779333,10.000000000000,1.797934610000
1355780075,10.000000000000,0.004999960000
1355793933,10.000000000000,1.608565390000
1355821722,9.900000000000,7.725400000000
1355844521,9.920000000000,5.000000000000
1355848166,10.000000000000,16.226366060000
1355859401,10.150000000000,5.000000000000
1355862298,10.000000000000,4.875000000000
1355867215,9.920000000000,6.000000000000
1355869011,9.900000000000,2.274600000000
1355869011,9.900000000000,2.725400000000
1355871736,9.920000000000,4.008150000000
1355871762,9.900000000000,7.033150000000
1355885210,9.900000000000,14.204000000000
1355885302,9.900000000000,0.000716610000
1355885302,9.860000000000,4.576346650000
1355885382,9.850000000000,1.219000000000
1355885803,9.850000000000,4.280000000000
1355885867,9.850000000000,0.009347070000
1355885950,9.820000000000,4.980000000000
1355886039,9.820000000000,0.007686350000
1355886237,9.810000000000,5.560000000000
1355900972,9.810000000000,0.008331790000
1355908384,9.800000000000,1.420486240000
1355908384,9.800000000000,0.579513760000
1355913825,9.810000000000,3.954958210000
1355917251,10.100000000000,0.013716590000
1355929762,9.700000000000,5.200000000000
1355938563,9.700000000000,4.500000000000
1355938563,9.700000000000,10.500000000000
1355952307,9.750000000000,2.980000000000
1356010803,10.000000000000,9.950000000000
1356011259,9.800000000000,7.025000000000
1356011306,9.750000000000,2.975000000000
1356011346,9.750000000000,10.000000000000
1356028327,9.800000000000,6.000000000000
1356030662,9.800000000000,3.800000000000
1356030686,9.800000000000,12.353650000000
1356038275,9.800000000000,3.500000000000
1356057069,9.800000000000,4.146350000000
1356057069,9.800000000000,8.228150000000
1356070945,9.810000000000,2.000000000000
1356072256,9.810000000000,6.000000000000
1356082873,9.810000000000,2.000000000000
1356082885,9.800000000000,2.000000000000
1356096685,9.810000000000,3.250000000000
1356101526,9.810000000000,16.036283410000
1356106781,9.810000000000,8.200000000000
1356119369,10.000000000000,3.000000000000
1356142740,10.400000000000,2.689326970000
1356142740,10.490000000000,1.818492710000
1356162167,9.880000000000,1.930768060000
1356162199,9.870000000000,0.659231940000
1356178470,10.350000000000,7.772547010000
1356202172,10.000000000000,8.044586160000
1356202212,9.910000000000,2.955413840000
1356204001,9.910000000000,7.750000000000
1356206917,9.920000000000,2.819455690000
1356206917,9.910000000000,17.180544310000
1356253388,9.890000000000,2.380000000000
1356299055,10.240000000000,5.000000000000
1356309572,9.920000000000,1.000000000000
1356343764,9.920000000000,4.000000000000
1356343789,9.910000000000,9.227435020000
1356354745,9.910000000000,1.000000000000
1356365086,9.950000000000,0.500000000000
1356366305,10.220000000000,9.000000000000
1356366334,10.230000000000,5.000000000000
1356366353,10.250000000000,9.000000000000
1356421907,10.000000000000,1.164500000000
1356423077,9.950000000000,6.309905770000
1356458660,9.950000000000,0.494500000000
1356461522,9.950000000000,2.460000000000
1356461541,9.950000000000,0.006951010000
1356461541,9.930000000000,10.533048990000
1356575255,9.940000000000,3.005000000000
1356575255,9.940000000000,9.865000000000
1356575281,9.940000000000,0.009245470000
1356575281,9.930000000000,16.220754530000
1356575447,9.930000000000,5.680000000000
1356575522,9.930000000000,0.008878600000
1356575522,9.920000000000,9.991121400000
1356598786,9.920000000000,0.008878600000
1356598833,9.880000000000,4.166174100000
1356598858,9.870000000000,4.478053870000
1356598885,9.860000000000,7.886893430000
1356612248,10.000000000000,20.000000000000
1356629045,9.900000000000,10.000000000000
1356629081,9.860000000000,1.990000000000
1356634008,9.860000000000,0.123106570000
1356634046,9.850000000000,2.876893430000
1356666058,10.000000000000,0.490000000000
1356684827,9.850000000000,5.000000000000
1356690147,9.850000000000,0.123106570000
1356690147,9.800000000000,1.771850000000
1356690147,9.800000000000,0.105043430000
1356691459,9.800000000000,7.494956570000
1356691459,9.800000000000,5.000000000000
1356691460,9.760000000000,10.000000000000
1356691460,9.750000000000,8.050000000000
1356691460,9.710000000000,11.585043430000
1356696195,9.710000000000,3.414956570000
1356696800,9.710000000000,5.000000000000
1356716273,9.710000000000,0.895043430000
1356717793,10.000000000000,1.500000000000
1356717835,10.200000000000,2.819455690000
1356717867,10.250000000000,19.900000000000
1356717899,10.350000000000,9.364150640000
1356717899,10.350000000000,4.459586580000
1356761357,9.800000000000,2.930000000000
1356761464,9.800000000000,0.004535520000
1356761464,9.740000000000,9.735464480000
1356761493,9.740000000000,0.004535520000
1356761493,9.700000000000,9.995464480000
1356766173,9.700000000000,0.004535520000
1356766173,9.660000000000,1.995464480000
1356823215,9.990000000000,26.175000000000
1356860598,10.000000000000,42.254210000000
1356927445,9.710000000000,15.000000000000
1356927494,9.710000000000,14.970000000000
1356937612,9.710000000000,0.030000000000
1356937612,9.700000000000,4.452838900000
1356954468,9.700000000000,5.547161100000
1356954870,9.650000000000,0.152838900000
1356957844,9.650000000000,8.000000000000
1357077599,10.000000000000,9.650000000000
1357116933,10.000000000000,6.530000000000
1357116933,10.000000000000,0.100000000000
1357121455,10.000000000000,3.370000000000
1357122375,9.750000000000,3.456410260000
1357122375,9.650000000000,1.003589740000
1357125080,9.650000000000,0.843571360000
1357125080,9.650000000000,2.868871640000
1357143978,10.000000000000,0.200000000000
1357147565,10.000000000000,9.800000000000
1357204831,9.660000000000,10.800000000000
1357213984,9.990000000000,10.086410260000
1357213984,10.000000000000,7.113589740000
1357217135,10.000000000000,98.069278360000
1357229434,9.900000000000,0.397131900000
1357230818,10.080000000000,25.000000000000
1357230839,10.090000000000,32.457879090000
1357237546,9.900000000000,0.602868100000
1357237546,9.900000000000,9.005000000000
1357237804,9.900000000000,10.050505050000
1357250306,9.900000000000,0.341126850000
1357250793,10.000000000000,19.470668290000
1357301913,9.880000000000,0.300000000000
1357302649,10.000000000000,0.129331710000
1357302649,10.080000000000,18.870668290000
1357303633,10.080000000000,0.129331710000
1357303633,10.080000000000,0.300000000000
1357303633,10.090000000000,67.570668290000
1357303653,10.090000000000,0.971452620000
1357307486,9.950000000000,6.400000000000
1357323071,9.950000000000,3.518827770000
1357323303,9.890000000000,22.965772230000
1357332951,10.000000000000,20.000000000000
1357334023,10.000000000000,4.321035030000
1357448432,10.000000000000,25.678964970000
1357464024,10.000000000000,9.320035030000
1357471439,10.000000000000,4.000000000000
1357548056,10.030000000000,13.320035030000
1357548288,10.030000000000,6.570293980000
1357548359,9.940000000000,10.429706020000
1357559057,9.950000000000,5.427010000000
1357559399,10.050000000000,10.000000000000
1357564853,10.300000000000,4.540000000000
1357564908,10.350000000000,15.200000000000
1357582641,10.340000000000,0.000968000000
1357582641,10.350000000000,5.340413420000
1357582641,10.350000000000,0.153686830000
1357582641,10.780000000000,5.850267240000
1357582661,10.780000000000,5.495068250000
1357582661,10.790000000000,0.455453240000
1357582661,10.800000000000,4.049478510000
1357582709,10.800000000000,0.493226720000
1357582725,10.900000000000,10.000000000000
1357586554,10.800000000000,10.269710280000
1357586586,10.890000000000,8.855363520000
1357616011,10.310000000000,4.000000000000
1357616011,10.300000000000,17.036660000000
1357631388,10.320000000000,5.400000000000
1357670481,10.350000000000,0.401653550000
1357670481,10.350000000000,6.313346450000
1357673643,10.350000000000,1.574840560000
1357684802,10.360000000000,3.980694980000
1357684856,10.350000000000,6.474131830000
1357684856,10.340000000000,0.545173190000
1357717159,10.350000000000,2.900000000000
1357724414,10.360000000000,5.090000000000
1357727508,10.360000000000,4.910000000000
1357727508,10.350000000000,0.088405800000
1357727508,10.330000000000,2.001594200000
1357747464,10.330000000000,8.000000000000
1357796772,10.440000000000,1.830000000000
1357796772,10.490000000000,6.170000000000
1357801204,10.400000000000,6.000000000000
1357808237,10.400000000000,4.900000000000
1357815157,10.400000000000,2.000000000000
1357837391,10.630000000000,0.000940730000
1357837391,10.650000000000,6.546899170000
1357837391,10.740000000000,0.557160100000
1357837589,10.740000000000,9.452839900000
1357837589,10.790000000000,0.552160100000
1357849861,10.790000000000,5.440000000000
1357849922,10.790000000000,0.007839900000
1357849922,10.800000000000,9.192160100000
1357878888,10.600000000000,6.570000000000
1357878965,10.600000000000,0.007780770000
1357878965,10.520000000000,5.005000000000
1357878965,10.500000000000,15.491219230000
1357890209,10.500000000000,3.050000000000
1357891467,10.500000000000,4.000000000000
1357892470,10.790000000000,5.000000000000
1357892520,10.800000000000,1.607839900000
1357899090,10.500000000000,0.937066490000
1357899090,10.450000000000,0.922933510000
1357908237,10.450000000000,8.000000000000
1357908274,10.450000000000,0.182066490000
1357908274,10.450000000000,1.817933510000
1357991757,10.540000000000,3.000000000000
1357995318,10.560000000000,1.000000000000
1358014794,10.600000000000,5.000000000000
1358024303,10.600000000000,5.000000000000
1358024303,10.600000000000,1.371820000000
1358027453,10.600000000000,6.590000000000
1358030780,10.600000000000,4.790000000000
1358065281,10.550000000000,4.940000000000
1358067341,10.550000000000,5.060000000000
1358067341,10.550000000000,4.940000000000
1358118929,10.600000000000,10.000000000000
1358120301,10.600000000000,25.895000000000
1358120527,10.600000000000,10.206163120000
1358146592,10.560000000000,3.540000000000
1358151270,10.560000000000,1.980000000000
1358168217,10.560000000000,2.000000000000
1358174641,10.560000000000,2.480000000000
1358175700,10.560000000000,1.520000000000
1358175700,10.580000000000,0.480000000000
1358183112,10.580000000000,4.520000000000
1358183140,10.600000000000,42.611169810000
1358189468,10.600000000000,60.000000000000
1358201528,10.600000000000,0.005000000000
1358243022,10.600000000000,1.282667070000
1358245481,10.580000000000,4.720000000000
1358262965,10.600000000000,1.990040000000
1358264972,10.600000000000,8.009960000000
1358264972,10.580000000000,6.990040000000
1358266305,10.580000000000,15.000000000000
1358266351,10.580000000000,15.000000000000
1358277246,10.540000000000,10.000000000000
1358277261,10.530000000000,2.500000000000
1358293540,10.700000000000,2.000000000000
1358297902,10.700000000000,8.000000000000
1358300421,10.700000000000,2.200000000000
1358312241,10.700000000000,14.640314120000
1358319492,10.700000000000,0.365985880000
1358330887,10.700000000000,5.000000000000
1358335537,10.700000000000,4.639014120000
1358335557,10.600000000000,1.480985880000
1358351219,10.600000000000,3.000027010000
1358360404,10.890000000000,9.000000000000
1358360404,10.890000000000,5.000000000000
1358360404,10.890000000000,5.000000000000
1358360404,10.900000000000,10.000000000000
1358419392,10.700000000000,4.730000000000
1358423628,10.900000000000,0.900000000000
1358423629,10.990000000000,4.000000000000
1358423629,11.000000000000,0.286363640000
1358430426,11.000000000000,2.000000000000
1358442596,11.100000000000,0.181185340000
1358443831,11.100000000000,10.000000000000
1358450303,11.000000000000,2.818636360000
1358450303,10.750000000000,5.181363640000
1358496297,11.250000000000,0.458814660000
1358501744,11.250000000000,4.820000000000
1358515525,11.250000000000,1.330000000000
1358523849,11.300000000000,0.200000000000
1358532881,11.300000000000,0.570000000000
1358533153,11.300000000000,5.224690260000
1358533446,11.300000000000,0.775309740000
1358543927,11.370000000000,2.000000000000
1358559902,11.370000000000,0.670184700000
1358587225,11.300000000000,1.009815300000
1358628025,11.370000000000,1.000000000000
1358628025,11.360000000000,13.000000000000
1358631834,11.370000000000,2.000000000000
1358650350,11.360000000000,3.000000000000
1358675301,11.970000000000,8.312447780000
1358701162,11.370000000000,5.000000000000
1358701162,11.360000000000,15.000000000000
1358715390,11.370000000000,8.260000000000
1358716154,11.370000000000,1.740000000000
1358719130,11.360000000000,12.970070420000
1358719130,11.320000000000,10.000000000000
1358719130,11.300000000000,2.236802420000
1358719130,11.300000000000,44.793127160000
1358719930,11.370000000000,10.000000000000
1358723842,11.300000000000,14.000000000000
1358723883,11.300000000000,14.000000000000
1358745859,11.300000000000,0.300000000000
1358746254,11.300000000000,14.000000000000
1358750683,11.300000000000,0.001000000000
1358755873,11.370000000000,2.208390400000
1358758419,11.370000000000,0.791609600000
1358758419,11.300000000000,4.788390400000
1358781360,11.300000000000,0.100000000000
1358786551,11.500000000000,1.183500010000
1358787089,11.500000000000,1.000000000000
1358791105,11.500000000000,7.800000000000
1358794636,11.890000000000,1.200000000000
1358794675,11.900000000000,0.900000000000
1358807249,11.750000000000,4.939500000000
1358846252,11.750000000000,4.710000000000
1358849145,11.800000000000,5.444104070000
1358858214,11.890000000000,7.900547010000
1358858214,11.900000000000,2.000000000000
1358858214,11.990000000000,15.687552220000
1358858214,12.000000000000,10.000000000000
1358858214,12.000000000000,4.411900770000
1358860777,11.850000000000,11.850000000000
1358860777,11.800000000000,0.150000000000
1358867180,12.000000000000,0.588099230000
1358874363,12.450000000000,5.000600000000
1358885101,12.100000000000,0.702000000000
1358885101,12.100000000000,0.702000000000
1358885220,12.100000000000,0.426969000000
1358934986,12.200000000000,4.670000000000
1358952033,12.300000000000,20.000000000000
1358952930,12.300000000000,1.279903190000
1358953418,12.300000000000,28.720096810000
1358957261,12.450000000000,4.000000000000
1358958977,12.460000000000,7.740000000000
1358963096,12.930000000000,5.000600000000
1358963113,13.000000000000,3.000000000000
1358963113,13.000000000000,4.000000000000
1358963113,13.000000000000,1.000000000000
1358965954,13.300000000000,3.600000000000
1358970690,12.750000000000,12.000000000000
1358970690,12.700000000000,1.000000000000
1359018511,13.200000000000,10.497500000000
1359019781,13.300000000000,0.003890000000
1359031583,13.500000000000,4.000000000000
1359035686,13.500000000000,0.300000000000
1359043857,13.500000000000,0.650000000000
1359044027,13.500000000000,1.753580000000
1359047280,13.550000000000,12.000000000000
1359047280,13.500000000000,46.900000000000
1359048651,13.970000000000,1.000000000000
1359057284,13.960000000000,7.127507160000
1359057810,13.170000000000,17.169009640000
1359057951,13.170000000000,1.000000000000
1359060797,13.170000000000,1.868002420000
1359061013,13.170000000000,13.000000000000
1359061041,13.170000000000,1.468332230000
1359063400,13.170000000000,3.421762770000
1359067588,12.100000000000,1.000000000000
1359097941,12.100000000000,8.044196280000
1359115066,12.590000000000,6.200000000000
1359115066,12.600000000000,6.600000000000
1359116539,12.600000000000,1.200000000000
1359122397,12.200000000000,20.000000000000
1359122443,12.120000000000,24.711221120000
1359122443,12.110000000000,3.721272970000
1359122736,12.110000000000,2.367505910000
1359123686,12.110000000000,7.632494090000
1359123734,12.100000000000,5.367000000000
1359125548,12.100000000000,5.000000000000
1359132525,13.000000000000,1.000000000000
1359222044,12.800000000000,0.013036190000
1359222044,12.300000000000,2.000129420000
1359222044,12.200000000000,9.986834390000
1359284493,12.500000000000,40.000000000000
1359293370,12.500000000000,10.000000000000
1359293852,12.230000000000,1.000000000000
1359293852,12.220000000000,10.000000000000
1359293852,12.210000000000,5.955803720000
1359303587,12.500000000000,11.703036190000
1359304435,12.500000000000,10.000000000000
1359320803,12.500000000000,3.296963810000
1359320803,12.500000000000,5.013165610000
1359320872,12.500000000000,20.000000000000
1359320889,12.500000000000,0.005000000000
1359327548,12.460000000000,1.000000000000
1359327548,12.450000000000,33.000000000000
1359356219,12.500000000000,0.565378580000
1359356272,12.690000000000,1.000000000000
1359364962,12.600000000000,1.000000000000
1359366461,12.600000000000,0.134970000000
1359366663,12.900000000000,2.000129420000
1359366703,13.000000000000,2.734652010000
1359368223,13.000000000000,55.000000000000
1359374633,13.000000000000,1.265347990000
1359374633,13.000000000000,1.000000000000
1359387015,12.900000000000,10.000000000000
1359387030,12.850000000000,1.000000000000
1359410013,12.900000000000,10.000000000000
1359410060,12.850000000000,1.940000000000
1359455643,13.480000000000,0.000741900000
1359455665,13.490000000000,1.278620000000
1359455684,13.500000000000,7.570000000000
1359458987,13.300000000000,8.000000000000
1359466022,13.410000000000,5.330000000000
1359471988,13.520000000000,6.000000000000
1359472776,13.960000000000,2.500000000000
1359475516,13.960000000000,1.184813750000
1359476515,13.520000000000,15.000000000000
1359476682,13.520000000000,10.000000000000
1359501625,13.990000000000,5.000000000000
1359501631,14.000000000000,8.000000000000
1359501631,14.000000000000,1.925335710000
1359518418,13.550000000000,2.046260840000
1359528287,13.600000000000,5.500000000000
1359557838,13.700000000000,2.000000000000
1359562189,13.760000000000,12.000000000000
1359565114,14.090000000000,6.000000000000
1359565123,14.100000000000,5.830000000000
1359579197,14.350000000000,1.798025750000
1359580736,14.200000000000,10.000000000000
1359580736,14.350000000000,0.005000000000
1359586255,14.350000000000,1.500000000000
1359616715,14.350000000000,7.711638540000
1359616715,14.400000000000,2.095000000000
1359616715,14.470000000000,0.198361460000
1359627037,14.300000000000,6.000000000000
1359627787,14.200000000000,9.000000000000
1359628700,14.470000000000,1.229785760000
1359632180,14.470000000000,0.445322780000
1359632180,14.480000000000,9.000000000000
1359632180,14.490000000000,9.000000000000
1359632180,14.500000000000,1.000000000000
1359632180,14.500000000000,2.000000000000
1359635379,15.000000000000,1.000000000000
1359637358,14.400000000000,10.000000000000
1359648049,15.000000000000,19.000000000000
1359652252,15.200000000000,0.307565790000
1359652622,15.200000000000,0.921052630000
1359652645,14.700000000000,13.660000000000
1359660625,15.500000000000,1.000000000000
1359665650,15.100000000000,6.497720000000
1359672343,15.110000000000,1.235936460000
1359693386,15.590000000000,0.044591170000
1359701550,15.100000000000,3.502280000000
1359701550,15.100000000000,0.771648890000
1359708002,15.100000000000,0.863500000000
1359713681,15.100000000000,8.364851110000
1359714614,15.100000000000,14.742727210000
1359721238,15.100000000000,0.257000000000
1359721707,15.100000000000,0.000272790000
1359721774,15.000000000000,3.600000000000
1359721803,15.000000000000,10.000000000000
1359723177,15.000000000000,8.000000000000
1359729294,15.000000000000,0.044591170000
1359736545,15.000000000000,11.189500000000
1359736679,15.300000000000,1.000000000000
1359736727,15.010000000000,2.000000000000
1359749937,15.050000000000,2.004518270000
1359749937,15.010000000000,2.299555380000
1359749937,15.000000000000,17.165908830000
1359758817,14.800000000000,2.750000000000
1359788869,15.290000000000,2.764063540000
1359789806,15.300000000000,6.000000000000
1359789835,15.300000000000,19.000000000000
1359792660,14.630000000000,1.500000000000
1359797204,14.630000000000,32.642173620000
1359809260,14.350000000000,10.000000000000
1359809563,14.350000000000,10.000000000000
1359809593,14.350000000000,8.473671340000
1359824766,14.500000000000,10.000000000000
1359824844,14.450000000000,10.000000000000
1359824844,14.400000000000,10.000000000000
1359824844,14.350000000000,1.526328660000
1359825427,14.350000000000,6.473671340000
1359826125,15.090000000000,1.000000000000
1359884646,14.350000000000,4.855000000000
1359884655,14.110000000000,1.000000000000
1359884665,14.050000000000,4.145000000000
1359916050,15.000000000000,0.538510000000
1359916112,15.030000000000,4.299555380000
1359916148,15.040000000000,4.000000000000
1359916208,15.290000000000,2.218428830000
1359921535,14.350000000000,4.200000000000
1359925341,14.950000000000,1.000000000000
1359925513,14.370000000000,1.660000000000
1359926007,15.000000000000,1.520017050000
1359928420,15.000000000000,18.000000000000
1359935425,14.400000000000,1.038194440000
1359935425,14.400000000000,7.604685560000
1359962509,15.000000000000,0.479982950000
1359964746,15.050000000000,1.038194440000
1359993825,14.770000000000,1.057875850000
1359993936,14.770000000000,1.214864380000
1359994073,14.770000000000,8.837259770000
1359996136,14.510000000000,0.205314440000
1359999995,14.510000000000,2.759685560000
1360000029,14.500000000000,2.982300000000
1360010690,14.500000000000,6.000000000000
1360013787,14.400000000000,3.000000000000
1360023391,14.770000000000,1.290000000000
1360064998,15.000000000000,5.800266660000
1360065390,15.000000000000,20.199733340000
1360066036,14.800000000000,1.500000000000
1360067451,15.100000000000,3.013245030000
1360078364,14.910000000000,8.500000000000
1360088685,14.900000000000,11.000000000000
1360089264,14.960000000000,11.737967910000
1360089264,14.950000000000,9.962032090000
1360097179,14.950000000000,0.037967910000
1360097340,14.760000000000,4.962032090000
1360101401,15.090000000000,1.000000000000
1360106165,15.080000000000,7.000000000000
1360119203,14.810000000000,1.005538630000
1360131533,14.810000000000,5.500000000000
1360131842,15.050000000000,3.000000000000
1360131842,15.080000000000,0.800000000000
1360131842,15.090000000000,0.200000000000
1360132710,15.000000000000,2.286754970000
1360135260,15.090000000000,0.249760000000
1360135260,15.290000000000,2.000000000000
1360135260,15.300000000000,9.400000000000
1360135260,15.300000000000,1.355240000000
1360137937,15.300000000000,4.454967340000
1360137937,15.450000000000,5.545032660000
1360145503,15.150000000000,1.000000000000
1360148726,15.000000000000,1.730000000000
1360150056,15.150000000000,0.863967340000
1360154773,15.200000000000,1.666198660000
1360155978,15.150000000000,4.333801340000
1360177005,15.500000000000,2.000000000000
1360202562,15.250000000000,7.391540000000
1360209988,15.250000000000,2.608460000000
1360217673,15.200000000000,37.811675550000
1360225482,15.190000000000,5.000000000000
1360225482,15.200000000000,2.187324450000
1360227476,15.250000000000,2.291540000000
1360228707,15.250000000000,7.713460000000
1360228707,15.200000000000,0.012675550000
1360228707,15.150000000000,1.666198660000
1360228707,15.000000000000,0.607665790000
1360233523,15.100000000000,1.363493370000
1360246267,15.100000000000,2.700000000000
1360247799,15.500000000000,27.000000000000
1360247799,15.580000000000,3.000000000000
1360249348,15.100000000000,5.936506630000
1360251980,15.100000000000,0.444822960000
1360258364,15.580000000000,1.000000000000
1360260998,15.200000000000,10.000000000000
1360271792,15.250000000000,10.000000000000
1360271882,15.250000000000,11.470000000000
1360297965,15.590000000000,3.000000000000
1360306469,15.990000000000,2.000000000000
1360306469,16.000000000000,2.000000000000
1360319392,15.500000000000,10.000000000000
1360319408,15.450000000000,3.000000000000
1360325794,15.750000000000,2.617950000000
1360329626,15.750000000000,10.000000000000
1360329668,15.750000000000,10.000000000000
1360329703,15.750000000000,10.000000000000
1360329736,15.750000000000,10.000000000000
1360329771,15.750000000000,10.000000000000
1360341238,16.000000000000,0.100000000000
1360353824,16.680000000000,1.000000000000
1360374544,15.910000000000,10.733330460000
1360374565,15.900000000000,10.000000000000
1360374615,15.810000000000,31.492726120000
1360412745,16.000000000000,6.999500000000
1360416338,16.670000000000,1.900000000000
1360416532,16.670000000000,0.004060000000
1360416532,16.680000000000,1.440000000000
1360416532,16.870000000000,0.755940000000
1360417783,16.870000000000,11.166272260000
1360422191,16.700000000000,9.000000000000
1360422275,16.870000000000,20.699466500000
1360423088,16.870000000000,7.809737760000
1360426382,16.870000000000,8.868583480000
1360426382,16.970000000000,1.000000000000
1360426382,16.980000000000,0.131416520000
1360430949,16.980000000000,1.000000000000
1360433747,16.980000000000,2.868583480000
1360433747,16.990000000000,1.000000000000
1360433747,17.000000000000,10.000000000000
1360489063,17.000000000000,0.030000000000
1360526877,17.100000000000,1.000000000000
1360527625,17.100000000000,5.000000000000
1360527670,17.250000000000,4.751500000000
1360527670,17.390000000000,0.248500000000
1360534103,17.000000000000,10.005000000000
1360534177,17.000000000000,8.934317400000
1360560164,17.000000000000,1.065682600000
1360565897,17.000000000000,4.204259480000
1360578614,17.000000000000,24.729057920000
1360603997,17.380000000000,14.150000000000
1360604037,17.390000000000,1.751500000000
1360604076,17.490000000000,0.476524580000
1360607618,17.490000000000,1.523475420000
1360607618,17.500000000000,8.659154030000
1360614500,17.450000000000,1.000000000000
1360619738,17.450000000000,4.200000000000
1360619738,17.500000000000,11.340845970000
1360639031,17.500000000000,6.765960000000
1360649480,17.500000000000,8.800000000000
1360649515,17.500000000000,8.800000000000
1360649546,17.500000000000,8.800000000000
1360649586,17.500000000000,8.800000000000
1360649617,17.500000000000,8.800000000000
1360649645,17.500000000000,8.800000000000
1360650518,17.500000000000,2.999000000000
1360666960,17.970000000000,2.500000000000
1360666960,17.980000000000,9.000000000000
1360666960,17.990000000000,5.889500000000
1360666960,18.000000000000,1.982950580000
1360671040,17.950000000000,3.700000000000
1360677885,18.100000000000,18.017049420000
1360680167,17.500000000000,12.266500000000
1360683288,18.190000000000,2.005000000000
1360694159,18.190000000000,1.000000000000
1360697095,17.500000000000,3.792613780000
1360704967,18.190000000000,0.495000000000
1360704990,18.880000000000,0.292264300000
1360723953,17.520000000000,3.000000000000
1360743040,18.000000000000,1.000000000000
1360753697,18.150000000000,5.000000000000
1360753697,18.200000000000,16.950549450000
1360754531,18.200000000000,5.544950550000
1360759105,18.500000000000,8.500000000000
1360764100,18.870000000000,15.000000000000
1360764135,18.880000000000,4.707735700000
1360764150,19.000000000000,15.000000000000
1360776325,19.020000000000,33.500897510000
1360780787,19.650000000000,1.000000000000
1360782938,19.090000000000,8.000000000000
1360782980,19.090000000000,6.940000000000
1360782980,19.040000000000,1.060000000000
1360783122,19.040000000000,8.000000000000
1360783155,19.040000000000,6.657922530000
1360783155,19.030000000000,1.342077470000
1360783184,19.030000000000,8.000000000000
1360785550,19.030000000000,11.000000000000
1360786646,19.030000000000,0.651091210000
1360786646,18.100000000000,7.348908790000
1360801131,18.100000000000,1.470059760000
1360806253,18.100000000000,1.181031450000
1360841733,18.800000000000,9.861572360000
1360854998,19.000000000000,1.034210520000
1360862504,18.500000000000,0.206056140000
1360865822,19.500000000000,1.500000000000
1360873433,19.490000000000,3.495000000000
1360873433,19.500000000000,3.200000000000
1360875706,19.800000000000,0.129785760000
1360875719,19.890000000000,2.260000000000
1360875736,19.900000000000,10.000000000000
1360875746,19.950000000000,3.207100000000
1360875755,19.990000000000,0.854860000000
1360875755,19.990000000000,5.000000000000
1360875771,20.000000000000,30.000000000000
1360886531,21.000000000000,1.000000000000
1360929104,20.000000000000,2.474999990000
1360931654,19.900000000000,5.000000000000
1360934345,20.000000000000,5.992639000000
1360934653,20.000000000000,4.700000000000
1360935283,20.000000000000,19.372450580000
1360935358,20.000000000000,0.200000000000
1360937351,20.000000000000,2.000000000000
1360940082,20.000000000000,1.710220000000
1360940845,20.000000000000,15.553510000000
1360942986,20.000000000000,1.000000000000
1360943044,20.000000000000,1.000000000000
1360943149,20.000000000000,1.952252300000
1360943242,20.000000000000,2.000000000000
1360945292,20.000000000000,5.000000000000
1360952395,20.010000000000,13.000000000000
1360952482,20.000000000000,7.805000000000
1360952899,20.000000000000,1.117828120000
1360955409,19.890000000000,1.000000000000
1360960174,19.650000000000,7.500000000000
1360960228,19.650000000000,2.505000000000
1360960228,19.610000000000,4.995000000000
1360960275,19.610000000000,7.620000000000
1360961500,19.660000000000,0.005000000000
1360967382,19.890000000000,10.882171880000
1360967413,19.900000000000,60.481071880000
1360967426,20.000000000000,14.000000000000
1360967564,20.010000000000,54.961800000000
1360967803,20.010000000000,4.037200000000
1360984209,19.760000000000,0.419810000000
1360989254,19.760000000000,34.580190000000
1360989302,19.750000000000,6.020000000000
1360989334,19.750000000000,0.002000000000
1360989334,19.720000000000,0.829810000000
1361008956,20.300000000000,0.450000000000
1361014224,20.300000000000,4.550000000000
1361014224,20.400000000000,8.000000000000
1361014367,20.400000000000,10.000000000000
1361015442,20.400000000000,5.000000000000
1361015475,20.400000000000,20.045361700000
1361017581,20.400000000000,8.803410000000
1361023581,20.420000000000,6.340000000000
1361023628,20.410000000000,3.660000000000
1361023924,20.410000000000,1.340000000000
1361040456,20.000000000000,4.660000000000
1361043990,20.390000000000,2.995000000000
1361044033,20.400000000000,2.500000000000
1361044073,21.490000000000,5.000000000000
1361044073,21.500000000000,9.270000000000
1361044203,21.980000000000,2.500000000000
1361044356,21.990000000000,6.000000000000
1361045395,21.980000000000,1.000000000000
1361047848,21.190000000000,0.050000000000
1361050256,20.500000000000,0.100000000000
1361053336,20.150000000000,0.100000000000
1361053336,20.150000000000,0.101736970000
1361053336,20.100000000000,1.000000000000
1361053336,20.050000000000,1.942795510000
1361053336,20.020000000000,6.832767520000
1361114280,20.110000000000,3.950000000000
1361116422,20.110000000000,1.000000000000
1361117615,20.110000000000,5.000000000000
1361117749,20.110000000000,8.223364580000
1361118411,20.110000000000,10.000000000000
1361118925,20.110000000000,4.665000000000
1361121803,20.110000000000,10.000000000000
1361125012,20.030000000000,3.400000000000
1361126613,19.780000000000,15.300000000000
1361138909,19.610000000000,7.000000000000
1361138926,19.610000000000,0.012263550000
1361138927,19.600000000000,5.987736450000
1361152960,19.610000000000,5.000000000000
1361153006,19.600000000000,2.000000000000
1361153998,19.600000000000,2.000000000000
1361154049,19.600000000000,0.012263550000
1361154049,19.510000000000,4.987736450000
1361154096,19.510000000000,0.012263550000
1361154096,19.500000000000,6.187736450000
1361166422,19.500000000000,3.817263550000
1361166757,19.000000000000,10.405000000000
1361167055,18.600000000000,10.000000000000
1361167146,18.500000000000,5.068566360000
1361170356,19.050000000000,8.999000000000
1361175386,19.990000000000,4.000000000000
1361188745,20.110000000000,8.922828120000
1361189958,19.600000000000,5.000000000000
1361189971,19.110000000000,11.000000000000
1361200255,19.500000000000,8.000000000000
1361200255,19.500000000000,1.435530000000
1361209363,20.100000000000,1.000000000000
1361216574,20.000000000000,13.251610720000
1361217021,20.000000000000,10.132501080000
1361219567,19.910000000000,5.000000000000
1361219567,19.900000000000,3.300000000000
1361220447,19.990000000000,2.832767520000
1361220499,20.000000000000,8.332648860000
1361223585,19.800000000000,1.700000000000
1361236258,19.990000000000,1.505000000000
1361236308,19.990000000000,1.505000000000
1361236382,19.990000000000,0.323138650000
1361242139,19.990000000000,0.666861350000
1361242169,20.000000000000,7.607065160000
1361250745,20.000000000000,8.160000000000
1361256476,20.000000000000,10.000000000000
1361258725,20.000000000000,14.859470000000
1361258747,20.000000000000,1.000000000000
1361262009,20.000000000000,0.333952290000
1361266470,19.800000000000,0.054000000000
1361266492,20.000000000000,0.052751890000
1361278887,20.000000000000,1.710000000000
1361285903,20.390000000000,1.000000000000
1361285903,20.750000000000,9.999000000000
1361296536,21.000000000000,1.000000000000
1361296536,21.000000000000,0.142760000000
1361296536,21.000000000000,4.290000000000
1361296536,21.080000000000,2.000000000000
1361298069,21.950000000000,1.000000000000
1361305808,21.850000000000,12.000000000000
1361306428,21.850000000000,12.000000000000
1361312126,21.500000000000,1.003885490000
1361343855,21.800000000000,0.980581160000
1361349518,21.850000000000,2.124713960000
1361354191,21.850000000000,12.000000000000
1361358327,21.510000000000,0.994459860000
1361358383,21.500000000000,1.401388790000
1361359660,21.500000000000,0.191510000000
1361361834,21.850000000000,0.375286040000
1361363412,21.850000000000,4.150000000000
1361368920,21.950000000000,4.000000000000
1361368920,21.960000000000,4.406590000000
1361368920,21.990000000000,4.000000000000
1361368920,22.000000000000,14.010809550000
1361371029,21.850000000000,5.558030000000
1361374371,22.000000000000,5.417727270000
1361375659,21.850000000000,0.200000000000
1361380812,22.000000000000,3.000000000000
1361399396,22.000000000000,0.570463180000
1361423382,22.000000000000,0.300000000000
1361431937,22.000000000000,0.129536820000
1361431937,21.850000000000,1.561077550000
1361432053,21.520000000000,0.309385630000
1361449122,22.500000000000,7.500000000000
1361449155,22.800000000000,5.000000000000
1361449155,22.800000000000,7.700000000000
1361449193,22.890000000000,3.000000000000
1361449256,22.900000000000,10.000000000000
1361449298,22.000000000000,3.000000000000
1361449546,22.230000000000,0.300000000000
1361454015,22.260000000000,4.280000000000
1361464956,22.260000000000,1.040500000000
1361471204,22.940000000000,1.000000000000
1361473433,22.260000000000,17.769500000000
1361473433,22.250000000000,1.930500000000
1361474140,22.940000000000,0.100000000000
1361474197,22.940000000000,0.490000000000
1361474397,22.940000000000,0.100000000000
1361475773,22.260000000000,1.643150000000
1361478328,22.500000000000,3.000000000000
1361482274,22.260000000000,0.500000000000
1361486778,22.300000000000,7.000000000000
1361486827,22.300000000000,3.000000000000
1361486827,22.260000000000,4.000000000000
1361486874,22.260000000000,7.000000000000
1361486904,22.260000000000,7.000000000000
1361486937,22.260000000000,7.000000000000
1361487246,22.900000000000,1.100000000000
1361487387,22.940000000000,0.310000000000
1361489924,22.300000000000,3.667270000000
1361503545,22.400000000000,1.124553570000
1361511364,22.400000000000,0.875446430000
1361511364,22.600000000000,3.000000000000
1361513171,22.800000000000,1.124553570000
1361513171,22.900000000000,4.380098720000
1361528913,23.790000000000,2.000000000000
1361528954,23.900000000000,7.878560920000
1361529070,22.900000000000,1.000000000000
1361529070,22.800000000000,1.000000000000
1361529070,22.700000000000,0.798417710000
1361529070,22.600000000000,1.000000000000
1361529070,22.500000000000,1.000000000000
1361529070,22.300000000000,10.191582290000
1361533994,23.900000000000,0.397489530000
1361538706,22.820000000000,3.600000000000
1361539146,22.820000000000,2.446420000000
1361543010,22.880000000000,6.000000000000
1361545129,23.000000000000,10.000000000000
1361546583,23.000000000000,5.000000000000
1361548483,23.240000000000,1.600000000000
1361549931,23.890000000000,0.807340000000
1361549931,23.900000000000,1.723949550000
1361550502,23.350000000000,2.617141460000
1361550862,23.350000000000,0.728907930000
1361551088,23.350000000000,2.528950610000
1361565768,23.900000000000,6.754800000000
1361574232,23.880000000000,10.060000000000
1361577238,23.880000000000,0.010000000000
1361584089,23.880000000000,0.930000000000
1361584155,23.860000000000,6.070000000000
1361591344,23.860000000000,3.382300000000
1361591359,23.850000000000,4.891626510000
1361591367,23.850000000000,7.978373490000
1361591367,23.850000000000,0.181626510000
1361598317,23.840000000000,15.899282880000
1361602703,23.840000000000,1.000000000000
1361607098,23.310000000000,6.500000000000
1361607154,23.310000000000,6.500000000000
1361607181,23.310000000000,6.500000000000
1361607210,23.310000000000,6.500000000000
1361607243,23.310000000000,6.500000000000
1361608274,23.310000000000,10.501821830000
1361608605,23.310000000000,0.474169910000
1361624767,23.150000000000,2.000000000000
1361624856,23.100000000000,2.000000000000
1361625720,23.150000000000,2.000000000000
1361625720,23.150000000000,2.000000000000
1361625812,23.150000000000,0.479500000000
1361627446,22.300000000000,2.179239540000
1361631438,22.010000000000,3.478840000000
1361631975,22.010000000000,1.941160000000
1361632023,22.000000000000,1.522727270000
1361632051,21.600000000000,10.000000000000
1361632120,21.520000000000,9.093830090000
1361637777,21.170000000000,5.000000000000
1361637804,21.160000000000,5.658739540000
1361637966,21.170000000000,0.000478000000
1361640294,21.500000000000,1.000000000000
1361641405,22.230000000000,1.333973550000
1361642299,22.850000000000,5.420000000000
1361643549,23.220000000000,0.010000000000
1361644595,22.020000000000,0.010000000000
1361657978,22.250000000000,6.000000000000
1361681708,22.320000000000,4.500000000000
1361681971,22.310000000000,5.000000000000
1361681999,22.250000000000,4.000000000000
1361682013,22.100000000000,4.000000000000
1361682123,22.020000000000,2.178647120000
1361682186,21.200000000000,0.321352880000
1361704441,23.100000000000,2.000000000000
1361718248,23.000000000000,1.328500000000
1361723064,23.220000000000,0.240822730000
1361726203,23.000000000000,0.010000000000
1361726307,23.000000000000,0.010000000000
1361726457,23.000000000000,0.010000000000
1361731736,22.800000000000,1.000000000000
1361731736,22.750000000000,3.620000000000
1361753590,23.100000000000,27.980000000000
1361758107,23.100000000000,15.288398270000
1361762228,22.830000000000,0.700000000000
1361762273,22.810000000000,1.000000000000
1361762307,22.790000000000,0.600000000000
1361762329,22.780000000000,2.000000000000
1361762345,22.770000000000,0.800000000000
1361762369,22.760000000000,0.300000000000
1361762389,22.750000000000,1.380000000000
1361762412,22.740000000000,0.200000000000
1361762449,22.560000000000,1.956959210000
1361762595,22.550000000000,2.500000000000
1361767171,22.550000000000,2.563040790000
1361776905,23.100000000000,18.701017300000
1361780093,22.600000000000,0.570000000000
1361780217,22.600000000000,0.430000000000
1361780227,22.570000000000,1.070000000000
1361790759,22.730000000000,7.533099090000
1361793909,23.000000000000,0.993478270000
1361795162,23.000000000000,10.706521730000
1361795162,23.100000000000,0.000584430000
1361820312,23.500000000000,0.782978720000
1361823160,22.700000000000,9.999500000000
1361869827,23.490000000000,2.878000000000
1361869864,23.500000000000,0.162498550000
1361877113,23.650000000000,1.000000000000
1361877113,23.700000000000,1.000000000000
1361878068,23.400000000000,1.000000000000
1361878068,23.350000000000,1.000000000000
1361878195,23.350000000000,2.239357290000
1361878253,23.350000000000,60.000000000000
1361881320,23.350000000000,0.160642710000
1361881332,23.600000000000,1.000000000000
1361881345,23.650000000000,1.000000000000
1361885854,23.400000000000,1.000000000000
1361885854,23.350000000000,1.000000000000
1361885854,23.150000000000,10.000000000000
1361885854,23.100000000000,10.000000000000
1361885854,23.000000000000,7.500000000000
1361898034,23.740000000000,1.000000000000
1361900636,23.200000000000,1.028017240000
1361900713,23.020000000000,3.971982760000
1361903054,23.740000000000,1.000000000000
1361903054,23.900000000000,2.000000000000
1361906700,23.030000000000,0.010000000000
1361906700,23.020000000000,0.990000000000
1361909881,23.990000000000,0.010000000000
1361916684,23.020000000000,1.009589560000
1361917468,23.020000000000,7.000000000000
1361924437,23.060000000000,0.724712010000
1361924888,23.060000000000,34.471558450000
1361925190,23.050000000000,9.977354750000
1361938887,23.000000000000,16.257184240000
1361939606,23.000000000000,4.020000000000
1361939889,23.050000000000,30.800000000000
1361942050,23.000000000000,1.030000000000
1361943725,23.050000000000,10.000000000000
1361944054,23.050000000000,25.000000000000
1361945659,23.050000000000,0.020000000000
1361945861,23.000000000000,0.292815760000
1361950655,22.830000000000,0.010000000000
1361952375,22.820000000000,1.000000000000
1361954392,22.820000000000,9.000000000000
1361955812,22.820000000000,9.199190000000
1361956299,22.700000000000,4.000000000000
1361959189,21.000000000000,3.393809520000
1361986671,22.400000000000,0.855000000000
1361996081,22.500000000000,0.800000000000
1361996132,22.690000000000,2.000000000000
1361996422,22.700000000000,6.206180000000
1361996474,22.700000000000,0.019500000000
1361996595,22.790000000000,1.000000000000
1361996595,22.790000000000,1.000000000000
1361996643,22.800000000000,1.000000000000
1362000797,22.820000000000,3.571428570000
1362002417,22.600000000000,1.398637920000
1362004143,22.800000000000,1.085402080000
1362004143,22.820000000000,8.454251430000
1362004143,22.830000000000,6.990000000000
1362004143,22.880000000000,2.000000000000
1362004143,22.900000000000,1.470346490000
1362004159,22.900000000000,13.000000000000
1362010253,22.650000000000,4.180398120000
1362010289,22.890000000000,1.398637920000
1362010335,22.600000000000,4.700000000000
1362010391,22.600000000000,0.300000000000
1362010414,22.500000000000,5.000000000000
1362010438,22.400000000000,0.145000000000
1362010461,21.510000000000,3.277545330000
1362010461,21.500000000000,10.000000000000
1362010509,21.200000000000,6.000000000000
1362011871,18.500000000000,9.707184240000
1362038268,22.890000000000,0.000449970000
1362044561,22.890000000000,0.016160000000
1362046170,21.800000000000,4.100000000000
1362046194,21.800000000000,0.005504580000
1362046194,21.500000000000,1.489061490000
1362046235,18.510000000000,0.332888600000
1362046759,18.510000000000,0.450000000000
1362050024,22.890000000000,5.343818260000
1362051988,22.890000000000,8.819969890000
1362051988,22.900000000000,17.302653510000
1362051988,23.000000000000,2.000000000000
1362051988,23.050000000000,35.202645250000
1362051988,23.060000000000,15.528441550000
1362052161,23.990000000000,5.000000000000
1362052161,24.000000000000,6.800000000000
1362052254,24.500000000000,10.000000000000
1362056824,24.800000000000,0.200000000000
1362056824,24.900000000000,10.000000000000
1362056824,24.980000000000,3.000000000000
1362056890,25.440000000000,0.200000000000
1362059360,25.480000000000,0.010000000000
1362059398,24.800000000000,0.084410000000
1362074592,25.370000000000,1.700000000000
1362074592,25.380000000000,13.300000000000
1362075302,25.380000000000,1.000000000000
1362076572,25.380000000000,0.673471490000
1362076572,25.500000000000,9.326528510000
1362077637,25.500000000000,0.673471490000
1362078377,25.510000000000,0.100000000000
1362078377,25.500000000000,0.483391250000
1362078377,25.100000000000,0.416608750000
1362084987,26.000000000000,10.000000000000
1362093290,26.000000000000,10.000000000000
1362100953,25.200000000000,10.317460320000
1362100998,25.150000000000,0.559359680000
1362101521,25.150000000000,7.750000000000
1362101542,25.150000000000,0.003930280000
1362119057,25.960000000000,0.100000000000
1362120796,25.150000000000,1.686710040000
1362121110,24.680000000000,1.813289960000
1362137956,24.690000000000,0.010000000000
1362137956,24.680000000000,5.990000000000
1362138041,24.680000000000,2.196710040000
1362138041,24.600000000000,3.803289960000
1362138122,24.600000000000,6.000000000000
1362138187,24.600000000000,6.000000000000
1362138232,24.600000000000,6.000000000000
1362139320,25.970000000000,5.000000000000
1362139446,25.980000000000,9.432400000000
1362139446,25.980000000000,3.172700000000
1362139528,25.990000000000,12.450923000000
1362139566,26.000000000000,6.900000000000
1362139762,26.490000000000,8.269913180000
1362140385,25.150000000000,1.589500000000
1362140718,26.490000000000,3.000000000000
1362146333,26.000000000000,18.000000000000
1362153559,25.330000000000,0.010000000000
1362153559,25.320000000000,15.720379150000
1362153559,25.310000000000,4.269641390000
1362154145,26.000000000000,1.350000000000
1362157699,26.470000000000,1.635136900000
1362158138,26.010000000000,0.010000000000
1362158138,26.000000000000,2.000000000000
1362158364,25.990000000000,1.000000000000
1362158392,25.990000000000,1.640166460000
1362158763,25.320000000000,1.709402590000
1362158890,25.310000000000,18.000000000000
1362159063,25.310000000000,20.290597410000
1362162821,26.170000000000,0.124523000000
1362162821,26.170000000000,1.429781740000
1362162821,26.180000000000,0.978230000000
1362162821,26.190000000000,4.467465260000
1362162935,26.190000000000,0.302065280000
1362163008,26.190000000000,1.000000000000
1362165555,26.190000000000,0.350469460000
1362165637,26.190000000000,0.310000000000
1362170647,26.330000000000,1.000000000000
1362181912,26.200000000000,0.660469460000
1362181988,26.330000000000,0.479550000000
1362185144,26.330000000000,0.820000000000
1362204790,26.330000000000,17.915087060000
1362206431,26.200000000000,0.767675130000
1362206431,26.190000000000,19.339530540000
1362230534,25.710000000000,0.010000000000
1362230534,25.700000000000,5.990000000000
1362230581,25.700000000000,2.010000000000
1362230581,25.620000000000,3.990000000000
1362230625,25.620000000000,6.000000000000
1362230657,25.620000000000,2.240900000000
1362230657,25.610000000000,3.759100000000
1362230690,25.610000000000,3.693212000000
1362230690,25.600000000000,2.000000000000
1362230690,25.600000000000,0.306788000000
1362249402,25.600000000000,2.000000000000
1362249460,25.500000000000,1.009000000000
1362249490,25.450000000000,1.000000000000
1362249527,25.410000000000,2.000000000000
1362249876,25.600000000000,1.009000000000
1362274265,25.640000000000,0.010000000000
1362274290,25.630000000000,0.254000000000
1362274313,25.600000000000,0.091000000000
1362274376,25.500000000000,2.000000000000
1362274444,25.410000000000,1.457800000000
1362307088,26.100000000000,1.030000000000
1362313612,26.100000000000,3.000000000000
1362317234,26.200000000000,1.000000000000
1362317234,26.200000000000,1.000000000000
1362331099,26.100000000000,3.137360000000
1362333861,26.100000000000,2.392026970000
1362339388,26.100000000000,5.000000000000
1362339444,26.100000000000,6.212850310000
1362342411,26.100000000000,1.000000000000
1362344706,26.100000000000,23.949290320000
1362380951,26.200000000000,1.800000000000
1362385239,26.420000000000,5.000000000000
1362385239,26.430000000000,1.000000000000
1362385239,26.440000000000,5.000000000000
1362385239,26.500000000000,10.000000000000
1362385239,26.500000000000,2.000000000000
1362389706,26.500000000000,6.000000000000
1362391571,26.500000000000,0.600000000000
1362394930,26.870000000000,10.000000000000
1362398362,26.990000000000,2.000000000000
1362398407,27.100000000000,1.697000000000
1362399564,27.100000000000,1.544000000000
1362399701,27.100000000000,9.507660510000
1362402273,26.570000000000,0.010000000000
1362402341,26.560000000000,3.035140000000
1362409208,26.650000000000,0.010000000000
1362409271,26.640000000000,2.314720000000
1362411763,27.440000000000,0.010000000000
1362411763,27.450000000000,20.092300000000
1362416391,27.870000000000,0.010000000000
1362416405,27.880000000000,3.035000000000
1362418452,27.000000000000,0.646129620000
1362418452,26.870000000000,5.603870380000
1362423168,27.990000000000,1.000000000000
1362427092,28.000000000000,0.500000000000
1362427092,28.000000000000,2.415960000000
1362427092,28.000000000000,7.990000000000
1362428015,28.990000000000,2.000000000000
1362428015,29.000000000000,4.420000000000
1362428090,28.000000000000,6.000000000000
1362428242,28.010000000000,6.000000000000
1362428305,28.020000000000,6.000000000000
1362428357,28.120000000000,2.681957860000
1362428358,28.030000000000,3.318042140000
1362428414,28.030000000000,6.000000000000
1362430688,28.990000000000,0.010000000000
1362432670,27.660000000000,0.010000000000
1362432670,27.650000000000,6.476020000000
1362437073,27.680000000000,5.343818260000
1362466029,28.970000000000,4.000000000000
1362468865,29.330000000000,6.868481740000
1362473784,29.960000000000,20.000000000000
1362473784,29.980000000000,1.000000000000
1362473784,29.980000000000,12.461650000000
1362473784,29.990000000000,2.000000000000
1362473784,30.000000000000,5.000000000000
1362481096,30.300000000000,1.100000000000
1362481096,30.990000000000,1.000000000000
1362481096,30.990000000000,4.000000000000
1362481096,30.990000000000,3.000000000000
1362481096,31.000000000000,7.012903220000
1362485147,29.990000000000,0.010000000000
1362485147,29.980000000000,5.090000000000
1362485451,29.980000000000,5.100000000000
