00000000,0.000297810000
1389084118,31730.900000000000,0.010000000000
1389084120,31730.900000000000,0.002932260000
1389084149,31485.000000000000,0.010030000000
1389084149,31485.000000000000,0.003886740000
1389084228,31424.100000000000,0.063017200000
1389084228,31485.000000000000,0.010020000000
1389084228,31485.000000000000,0.012000000000
1389084228,31302.200000000000,0.082466400000
1389084228,31424.100000000000,0.163810000000
1389084228,31413.200000000000,1.421170000000
1389084228,31485.000000000000,0.010030000000
1389084228,31400.000000000000,0.123452000000
1389084228,31400.000000000000,0.100000000000
1389084228,31327.700000000000,0.010030000000
1389084232,31749.900000000000,0.012000000000
1389084232,31749.900000000000,0.010000000000
1389084232,31749.900000000000,0.340000000000
1389084235,31750.000000000000,0.171773000000
1389084299,31750.000000000000,0.010000000000
1389084299,31745.000000000000,0.010000000000
1389084301,31750.000000000000,0.008667380000
1389084538,31311.500000000000,0.012000000000
1389084538,31311.500000000000,0.010030000000
1389084539,31311.500000000000,0.145970000000
1389085237,31313.000000000000,0.005070000000
1389085237,31313.000000000000,0.010030000000
1389085335,31313.000000000000,0.017437300000
1389085335,31313.000000000000,0.006930000000
1389085335,31302.200000000000,0.055218200000
1389085335,31312.000000000000,0.010030000000
1389085335,31311.500000000000,0.050100200000
1389085335,31302.200000000000,0.275410000000
1389085386,31500.000000000000,0.010000000000
1389085394,31500.000000000000,0.079840000000
1389085394,31500.000000000000,0.010000000000
1389085473,31580.000000000000,0.012000000000
1389085519,31500.000000000000,0.010030000000
1389085521,31500.000000000000,0.010000000000
1389085528,31500.000000000000,0.041090700000
1389085530,31500.000000000000,0.013077700000
1389085536,31500.000000000000,0.030818100000
1389085536,31500.000000000000,0.785982000000
1389085555,31500.000000000000,0.030818100000
1389085581,31500.000000000000,0.010000000000
1389085583,31500.000000000000,0.006320930000
1389085628,31305.600000000000,0.010030000000
1389085628,31305.600000000000,0.023319100000
1389085629,31500.000000000000,0.007660650000
1389085629,31305.600000000000,0.137304000000
1389085629,31305.600000000000,0.092446700000
1389085646,31620.000000000000,0.013000300000
1389085646,31500.000000000000,0.101522000000
1389085687,31500.000000000000,0.028121800000
1389085694,31500.000000000000,0.020000000000
1389085694,31500.000000000000,0.010000000000
1389085723,31500.000000000000,0.051878200000
1389085840,31620.000000000000,0.004402100000
1389085851,31700.000000000000,0.010000000000
1389085858,31700.000000000000,0.010030000000
1389086006,31700.000000000000,0.010000000000
1389086009,31700.000000000000,0.010030000000
1389086132,31700.000000000000,0.011328000000
1389086140,31700.000000000000,0.021350000000
1389086140,31700.000000000000,0.010000000000
1389086157,31700.000000000000,0.227000000000
1389086353,31740.000000000000,0.034900000000
1389086353,31740.000000000000,0.012000000000
1389086432,31890.000000000000,0.080000000000
1389086436,31890.000000000000,0.010030000000
1389086436,31890.000000000000,0.052060100000
1389086579,31889.000000000000,0.013000000000
1389086596,31889.000000000000,0.003520000000
1389086596,32000.000000000000,0.007253740000
1389086705,32000.000000000000,0.173755000000
1389086730,32000.000000000000,0.010500000000
1389086896,31998.000000000000,0.050000000000
1389086917,31998.000000000000,0.130000000000
1389086952,31997.000000000000,0.089300000000
1389086993,31740.000000000000,0.012000000000
1389087044,31997.000000000000,0.012000000000
1389087046,31998.000000000000,0.068000000000
1389087101,31740.000000000000,0.010030000000
1389087101,31740.000000000000,0.019129700000
1389087101,31740.000000000000,0.012000000000
1389087112,31700.000000000000,0.012000000000
1389087112,31700.000000000000,0.006970000000
1389087112,31700.000000000000,0.010030000000
1389087128,31700.000000000000,0.013000000000
1389087134,31988.400000000000,0.010000000000
1389087134,31988.400000000000,0.012000000000
1389087135,31988.400000000000,0.002000000000
1389087165,31988.400000000000,0.010000000000
1389087165,31988.400000000000,0.012000000000
1389087166,31988.400000000000,0.047633500000
1389087167,31988.400000000000,0.000095460000
1389087168,31988.400000000000,0.010030000000
1389087176,31700.000000000000,0.001000000000
1389087176,31700.000000000000,0.012000000000
1389087391,31977.000000000000,0.010000000000
1389087391,31977.000000000000,0.012000000000
1389087392,31977.000000000000,0.010000000000
1389087393,31850.200000000000,0.010030000000
1389087393,31977.000000000000,0.856000000000
1389087438,31977.000000000000,0.010000000000
1389087439,31977.000000000000,0.580000000000
1389087439,31977.000000000000,0.004000000000
1389087439,31850.200000000000,0.010030000000
1389087454,31700.000000000000,0.012000000000
1389087454,31700.000000000000,0.009030000000
1389087483,31977.000000000000,0.012974000000
1389087483,31977.000000000000,0.010000000000
1389087483,31988.400000000000,0.115026000000
1389087483,31977.000000000000,0.012000000000
1389087485,31977.000000000000,0.736489000000
1389087486,31977.000000000000,0.010030000000
1389087523,31700.000000000000,0.010030000000
1389087523,31700.000000000000,0.012000000000
1389087525,31700.000000000000,0.010000000000
1389087555,31700.000000000000,0.087000000000
1389087578,31700.000000000000,0.364162000000
1389087588,31700.000000000000,0.007030000000
1389087601,31700.000000000000,0.010000000000
1389087681,31510.000000000000,0.010030000000
1389087681,31510.000000000000,0.010030000000
1389087681,31510.000000000000,0.012000000000
1389087683,31510.000000000000,0.010000000000
1389087683,31510.000000000000,0.110742000000
1389087688,31510.000000000000,0.000000010000
1389087704,31510.000000000000,0.123469000000
1389087707,31800.000000000000,0.010000000000
1389087707,31800.000000000000,0.002970690000
1389087837,31800.000000000000,0.009029310000
1389087837,31800.000000000000,0.018125600000
1389087839,31800.000000000000,0.167845000000
1389087840,31800.000000000000,0.010030000000
1389088001,31800.000000000000,0.010000000000
1389088001,31800.000000000000,0.010000000000
1389088067,31800.000000000000,0.002000000000
1389088070,31800.000000000000,0.010030000000
1389088133,31800.000000000000,0.273915000000
1389088133,31800.000000000000,0.010000000000
1389088243,31800.000000000000,0.010000000000
1389088245,31800.000000000000,0.110000000000
1389088246,31800.000000000000,0.010030000000
1389088354,31800.000000000000,0.010000000000
1389088354,31800.000000000000,0.438113000000
1389088359,31800.000000000000,0.017666300000
1389088359,31800.000000000000,0.010030000000
1389088605,31800.000000000000,0.010000000000
1389088605,31800.000000000000,0.012300000000
1389088608,31800.000000000000,0.007700000000
1389088608,31800.000000000000,0.010030000000
1389088747,31800.000000000000,0.006530000000
1389088747,31800.000000000000,0.010000000000
1389088897,31520.000000000000,0.017422700000
1389088897,31530.600000000000,0.012000000000
1389088897,31520.000000000000,0.010030000000
1389088897,31512.000000000000,0.224547000000
1389088916,31800.000000000000,0.010000000000
1389088916,31800.000000000000,0.012000000000
1389088919,31800.000000000000,0.124000000000
1389089082,31800.000000000000,0.010000000000
1389089084,31800.000000000000,0.125000000000
1389089084,31800.000000000000,0.010030000000
1389089130,31750.000000000000,0.010000000000
1389089130,31750.000000000000,0.017387900000
1389089132,31800.000000000000,0.033612100000
1389089132,31800.000000000000,0.008551230000
1389089132,31800.000000000000,0.001478770000
1389089221,31518.400000000000,0.006396420000
1389089221,31518.400000000000,0.010030000000
1389089716,31521.100000000000,0.010600000000
1389089756,31749.900000000000,0.099800000000
1389089756,31749.900000000000,0.010000000000
1389089756,31749.900000000000,0.010078200000
1389089758,31750.000000000000,0.198822000000
1389089934,31522.100000000000,0.010030000000
1389089934,31522.100000000000,0.129626000000
1389089934,31522.100000000000,0.012000000000
1389089952,31522.100000000000,0.082723100000
1389089952,31525.000000000000,0.017476900000
1389089952,31525.000000000000,0.012000000000
1389090466,31525.300000000000,0.050000000000
1389090709,31550.100000000000,0.010237100000
1389090982,31550.200000000000,0.114861000000
1389091009,31550.200000000000,0.098026800000
1389091143,31550.200000000000,0.013473900000
1389091151,31550.200000000000,0.359171000000
1389091151,31550.000000000000,0.448829000000
1389091151,31550.200000000000,0.142000000000
1389091151,31550.200000000000,0.150000000000
1389091312,31500.000000000000,0.100000000000
1389091312,31308.100000000000,0.107077000000
1389091312,31510.000000000000,0.000700000000
1389091312,31401.100000000000,0.119638000000
1389091312,31400.000000000000,0.100000000000
1389091312,31522.100000000000,0.012000000000
1389091312,31511.000000000000,0.093039400000
1389091312,31510.000000000000,0.010000000000
1389091312,31550.000000000000,0.002835160000
1389091312,31510.000000000000,0.029040700000
1389091312,31500.000000000000,0.080000000000
1389091312,31550.200000000000,0.102000000000
1389091656,31745.000000000000,0.017442000000
1389091656,31745.000000000000,0.010000000000
1389091656,31745.000000000000,0.012000000000
1389091658,31750.000000000000,0.020558000000
1389091807,31777.000000000000,0.012000000000
1389091807,31777.000000000000,0.010000000000
1389091807,31777.000000000000,0.013000000000
1389091949,31350.000000000000,0.012000000000
1389091950,31777.000000000000,0.000000020000
1389091950,31350.000000000000,0.034800000000
1389092022,31777.000000000000,0.011100000000
1389092400,31459.200000000000,0.010030000000
1389092400,31459.200000000000,0.007375080000
1389092464,31459.200000000000,0.000460660000
1389092464,31459.200000000000,0.010030000000
1389092488,31700.000000000000,0.012000000000
1389092488,31700.000000000000,0.010000000000
1389092488,31700.000000000000,0.077688300000
1389092488,31700.000000000000,0.010000000000
1389092488,31700.000000000000,0.000311690000
1389092578,31459.200000000000,0.012000000000
1389092579,31459.200000000000,0.010030000000
1389092581,31459.200000000000,0.088312800000
1389092583,31459.200000000000,0.010000000000
1389092637,31459.200000000000,0.050000000000
1389092637,31459.200000000000,0.010030000000
1389092637,31459.200000000000,0.012000000000
1389092637,31459.200000000000,0.010030000000
1389092637,31350.000000000000,0.173829000000
1389092657,31459.200000000000,0.007822440000
1389092657,31459.200000000000,0.050100000000
1389092687,31459.200000000000,0.004177560000
1389092750,31373.600000000000,0.010000000000
1389092761,31350.000000000000,0.010091400000
1389092761,31350.000000000000,0.010020000000
1389092773,31350.000000000000,0.022781000000
1389092773,31350.000000000000,0.010000000000
1389092774,31350.000000000000,0.067084600000
1389092774,31350.000000000000,0.000134440000
1389092781,31350.000000000000,0.067084600000
1389092781,31350.000000000000,0.022146300000
1389092783,31305.800000000000,0.050000000000
1389092784,31350.000000000000,0.045072700000
1389092784,31350.000000000000,0.041648700000
1389092784,31350.000000000000,0.067219000000
1389092821,31305.800000000000,0.013625900000
1389092860,31302.100000000000,0.300661000000
1389092860,31305.800000000000,0.365544000000
1389092860,31302.200000000000,1.032210000000
1389092860,31302.200000000000,0.024063000000
1389092860,31305.600000000000,0.229751000000
1389092860,31305.600000000000,0.229751000000
1389092860,31305.600000000000,0.050357600000
1389092861,31300.000000000000,0.027517700000
1389092861,31302.100000000000,0.083467900000
1389092861,31302.100000000000,0.132866000000
1389092863,31300.000000000000,0.100000000000
1389092863,31274.100000000000,0.017850000000
1389092863,31300.000000000000,0.009109330000
1389092863,31274.100000000000,0.280330000000
1389092884,31171.800000000000,0.010030000000
1389092884,31234.600000000000,0.234567000000
1389092884,31200.000000000000,0.027334500000
1389092884,31173.000000000000,0.011000000000
1389092884,31274.100000000000,0.147505000000
1389092884,31223.200000000000,0.010000000000
1389092884,31200.000000000000,0.100000000000
1389092884,31250.000000000000,0.100000000000
1389092986,31274.000000000000,0.000000020000
1389092986,31115.000000000000,0.013887300000
1389092986,31115.000000000000,0.010030000000
1389092988,31107.700000000000,0.100000000000
1389092988,31108.000000000000,0.100000000000
1389092988,31108.000000000000,0.100000000000
1389092988,31115.000000000000,0.100000000000
1389092988,31107.700000000000,0.065553400000
1389092988,31107.700000000000,0.050279800000
1389092988,31100.000000000000,0.100000000000
1389092988,31100.000000000000,0.300000000000
1389092988,31107.700000000000,0.019144300000
1389092988,31100.000000000000,0.018100000000
1389092988,31100.000000000000,0.112308000000
1389092988,31100.000000000000,0.100000000000
1389092988,31090.000000000000,1.274620000000
1389092997,31115.000000000000,0.010030000000
1389092999,31115.000000000000,0.003305780000
1389093000,31115.000000000000,0.010000000000
1389093027,31090.000000000000,0.010030000000
1389093027,31090.000000000000,0.246094000000
1389093027,31090.000000000000,1.743880000000
1389093038,31274.000000000000,0.009999980000
1389093038,31274.000000000000,0.010000000000
1389093069,31274.000000000000,0.010000000000
1389093069,31115.000000000000,0.010200400000
1389093220,31115.000000000000,0.010030000000
1389093220,31115.000000000000,0.029799600000
1389093251,31090.000000000000,0.184571000000
1389093251,31090.000000000000,0.175100000000
1389093285,31090.000000000000,0.010000000000
1389093288,31090.000000000000,0.078145700000
1389093288,31090.000000000000,0.012894100000
1389093289,31090.000000000000,0.031022300000
1389093320,31090.000000000000,0.011785000000
1389093320,31090.000000000000,0.068383300000
1389093320,31090.000000000000,0.138428000000
1389093325,31090.000000000000,0.030512900000
1389093359,31090.000000000000,0.045735700000
1389093379,31090.000000000000,0.263066000000
1389093380,31016.700000000000,0.010030000000
1389093380,31059.800000000000,0.010000000000
1389093380,31011.000000000000,0.142163000000
1389093380,31011.000000000000,0.104111000000
1389093397,31011.000000000000,0.071378200000
1389093436,31001.000000000000,0.163541000000
1389093436,31002.000000000000,0.020000000000
1389093436,31011.000000000000,0.186459000000
1389093445,31001.000000000000,0.032682100000
1389093447,31001.000000000000,0.031317700000
1389093453,31001.000000000000,0.028136100000
1389093453,31001.000000000000,0.050436400000
1389093453,31001.000000000000,0.200000000000
1389093455,31001.000000000000,0.541191000000
1389093458,31001.000000000000,0.010000000000
1389093459,31001.000000000000,0.090000000000
1389093459,31000.100000000000,0.039126000000
1389093459,31001.000000000000,0.010030000000
1389093461,31000.100000000000,0.394601000000
1389093461,31000.100000000000,0.227667000000
1389093462,31000.000000000000,0.100000000000
1389093462,31000.000000000000,0.013370900000
1389093462,31000.100000000000,0.196808000000
1389093462,31000.100000000000,0.228136000000
1389093462,31000.000000000000,0.027611600000
1389093464,31000.100000000000,0.010000000000
1389093464,31000.100000000000,0.030859000000
1389093468,31000.100000000000,0.010030000000
1389093480,31000.000000000000,0.284650000000
1389093480,31000.000000000000,0.102450000000
1389093480,31000.000000000000,0.181919000000
1389093480,31000.000000000000,0.284369000000
1389093485,31000.000000000000,0.249062000000
1389093485,31000.000000000000,0.532817000000
1389093485,31000.000000000000,0.684714000000
1389093485,31000.000000000000,0.315286000000
1389093485,31000.000000000000,0.557622000000
1389093487,31000.000000000000,8.909560000000
1389093487,31000.000000000000,0.030000000000
1389093487,31000.000000000000,0.097803000000
1389093487,31000.000000000000,0.279084000000
1389093487,31000.000000000000,0.010000000000
1389093487,31000.000000000000,0.013419600000
1389093487,31000.000000000000,0.131344000000
1389093488,31000.000000000000,0.078114400000
1389093491,30909.000000000000,0.127856000000
1389093492,30909.000000000000,0.081191600000
1389093496,30909.000000000000,1.656040000000
1389093497,30909.000000000000,0.280323000000
1389093498,30909.000000000000,0.151357000000
1389093498,30909.000000000000,1.203230000000
1389093503,30900.000000000000,0.100000000000
1389093504,30900.000000000000,0.023700000000
1389093506,30900.000000000000,0.200000000000
1389093506,30900.000000000000,0.010020000000
1389093523,30862.400000000000,0.010030000000
1389093540,30805.000000000000,0.012000000000
1389093541,30805.000000000000,0.088000000000
1389093557,30800.000000000000,0.011722100000
1389093586,30800.000000000000,0.150000000000
1389093586,30800.000000000000,0.047309000000
1389093586,30800.000000000000,0.090000000000
1389093586,30800.000000000000,1.442690000000
1389093586,30800.000000000000,0.500000000000
1389093634,31000.000000000000,0.010000000000
1389093635,31000.000000000000,0.143226000000
1389093674,31000.000000000000,0.029810200000
1389093675,31000.000000000000,0.009148210000
1389093675,31000.000000000000,0.029845400000
1389093702,31000.000000000000,0.010000000000
1389093702,31000.000000000000,0.047934800000
1389093705,31000.000000000000,0.010030000000
1389093705,31000.000000000000,0.151261000000
1389093709,31000.000000000000,0.139038000000
1389093771,31000.000000000000,0.019500000000
1389093771,31000.000000000000,0.010000000000
1389093812,31000.000000000000,0.200000000000
1389093815,31000.000000000000,0.010030000000
1389093909,31000.000000000000,1.002000000000
1389093961,31000.000000000000,0.025000000000
1389093984,31000.000000000000,0.145634000000
1389094049,31000.000000000000,0.120286000000
1389094105,31000.000000000000,0.029400000000
1389094216,31000.000000000000,0.100000000000
1389094230,31000.000000000000,0.245290000000
1389094234,31000.000000000000,0.000041220000
1389094234,31000.000000000000,0.010273000000
1389094351,30800.000000000000,0.010030000000
1389094353,30800.000000000000,0.010000000000
1389094354,30800.000000000000,0.089970000000
1389094364,30802.000000000000,0.010030000000
1389094364,30802.000000000000,0.020000000000
1389094366,30800.000000000000,0.276417000000
1389094372,30900.000000000000,0.084626000000
1389094416,31000.000000000000,0.260686000000
1389094416,31000.000000000000,0.051890300000
1389094416,31000.000000000000,0.010000000000
1389094416,31000.000000000000,0.010273000000
1389094425,31000.000000000000,0.050224200000
1389094431,31000.000000000000,0.224142000000
1389094432,31000.000000000000,0.129657000000
1389094432,31000.000000000000,0.130177000000
1389094483,31000.000000000000,0.029100000000
1389094549,31000.000000000000,0.012903200000
1389094557,31000.000000000000,0.010000000000
1389094561,31000.000000000000,0.004062770000
1389094565,31000.000000000000,0.608072000000
1389094570,31000.000000000000,0.236226000000
1389094572,31000.000000000000,0.242174000000
1389094572,31000.000000000000,0.324823000000
1389094573,31000.000000000000,0.041076100000
1389094575,31011.000000000000,0.165500000000
1389094676,31274.000000000000,0.010000000000
1389094706,31274.000000000000,0.012000000000
1389094753,31274.000000000000,0.017519800000
1389094778,31011.000000000000,0.010030000000
1389094778,31011.000000000000,0.012000000000
1389094779,31011.000000000000,0.003375440000
1389095116,31100.000000000000,0.108775000000
1389095142,31100.000000000000,0.149700000000
1389095148,31100.000000000000,0.021713900000
1389095210,31100.000000000000,0.027500000000
1389095261,31100.000000000000,0.050000000000
1389095261,31200.000000000000,0.010000000000
1389095263,31011.000000000000,0.012000000000
1389095263,31200.000000000000,0.650250000000
1389095263,31011.000000000000,0.010030000000
1389095264,31011.000000000000,0.500000000000
1389095291,31011.000000000000,0.030105600000
1389095294,31011.000000000000,0.050100200000
1389095329,31011.000000000000,0.343076000000
1389095510,31011.000000000000,0.029212200000
1389095546,31011.000000000000,0.050100200000
1389095547,30900.000000000000,0.096345200000
1389095547,30900.000000000000,0.040000000000
1389095547,30850.300000000000,0.039155000000
1389095603,30850.300000000000,0.010030000000
1389095603,30850.300000000000,0.596987000000
1389095605,30850.300000000000,0.010000000000
1389095605,30850.300000000000,0.198149000000
1389095606,30850.300000000000,0.010000000000
1389095623,31000.000000000000,0.050100200000
1389095674,30850.300000000000,0.066347000000
1389095712,30850.000000000000,0.100000000000
1389095712,30805.000000000000,0.193158000000
1389095712,30850.300000000000,0.133653000000
1389095717,30850.300000000000,0.010000000000
1389095717,30850.300000000000,0.846044000000
1389095825,31000.000000000000,0.066005500000
1389095867,31000.000000000000,0.078949000000
1389095911,30850.300000000000,0.013384000000
1389096000,30805.000000000000,0.010030000000
1389096000,30850.300000000000,0.023561100000
1389096003,30805.000000000000,0.037625400000
1389096011,30850.300000000000,0.673000000000
1389096037,30805.000000000000,0.063884800000
1389096039,30805.000000000000,0.632981000000
1389096264,30805.000000000000,0.022813600000
1389096385,30991.000000000000,0.010000000000
1389096388,30991.000000000000,0.010000000000
1389096388,31000.000000000000,0.155037000000
1389096388,30995.000000000000,0.010000000000
1389096402,31000.000000000000,0.280081000000
1389096402,31000.000000000000,0.172968000000
1389096403,31000.000000000000,0.010000000000
1389096403,31000.000000000000,0.163352000000
1389096403,31000.000000000000,0.109542000000
1389096438,31000.000000000000,0.050241400000
1389096438,31000.000000000000,0.010030000000
1389096448,31000.000000000000,0.010000000000
1389096448,31000.000000000000,0.001046000000
1389096515,31000.000000000000,0.283042000000
1389096546,31000.000000000000,0.050000000000
1389096561,31000.000000000000,0.087000000000
1389096564,31000.000000000000,0.120000000000
1389096581,31000.000000000000,0.010030000000
1389096581,31000.000000000000,0.036000000000
1389096585,31000.000000000000,0.121530000000
1389096616,31000.000000000000,0.119452000000
1389096681,31000.000000000000,0.349578000000
1389096693,31000.000000000000,0.028960200000
1389096695,31000.000000000000,0.026440500000
1389096695,31000.000000000000,0.012903200000
1389096703,31000.000000000000,0.063524600000
1389096703,31000.000000000000,0.261417000000
1389096703,31000.000000000000,0.010000000000
1389096703,31000.000000000000,0.391080000000
1389096703,31000.000000000000,0.076129100000
1389096704,31000.000000000000,0.037836600000
1389096704,31000.000000000000,0.556237000000
1389096705,31011.000000000000,0.253601000000
1389096705,31011.000000000000,0.010000000000
1389096705,31000.000000000000,0.002985290000
1389096714,31000.000000000000,0.010000000000
1389096759,31000.000000000000,0.000030000000
1389096833,31000.000000000000,0.010000000000
1389096962,31000.000000000000,0.019173400000
1389097048,31011.000000000000,0.560117000000
1389097048,31000.000000000000,0.000096350000
1389097054,31000.000000000000,0.401071000000
1389097100,31011.000000000000,0.198229000000
1389097100,31011.000000000000,0.651771000000
1389097106,30900.000000000000,0.020000000000
1389097122,31011.000000000000,0.000000030000
1389097122,30900.000000000000,0.016927200000
1389097139,30810.000000000000,0.445510000000
1389097211,30810.000000000000,0.015900700000
1389097211,30810.000000000000,1.053800000000
1389097278,30810.000000000000,0.150000000000
1389097278,30810.000000000000,0.010030000000
1389097278,30803.000000000000,0.250000000000
1389097278,30805.000000000000,0.016815200000
1389097281,30803.000000000000,0.184931000000
1389097283,30803.000000000000,0.010000000000
1389097286,30803.000000000000,0.388224000000
1389097372,31011.000000000000,0.010000000000
1389097372,31011.000000000000,0.412519000000
1389097570,30800.000000000000,0.030000000000
1389097570,30802.000000000000,0.010030000000
1389097570,30802.000000000000,0.030000000000
1389097570,30800.000000000000,0.216073000000
1389097606,31000.000000000000,1.000000000000
1389097620,30800.000000000000,0.090000000000
1389097620,30800.000000000000,0.010030000000
1389097620,30800.000000000000,0.557309000000
1389097621,30800.000000000000,0.300000000000
1389097621,30800.000000000000,0.012000000000
1389097621,30800.000000000000,0.030000000000
1389097667,30751.000000000000,0.606037000000
1389097678,30751.000000000000,0.010000000000
1389097683,30751.000000000000,0.339189000000
1389097697,31000.000000000000,0.016797200000
1389097697,31000.000000000000,0.030677600000
1389097697,31000.000000000000,0.030525200000
1389097697,31000.000000000000,0.012000000000
1389097697,31000.000000000000,0.010000000000
1389097744,30751.000000000000,0.158464000000
1389097744,30751.000000000000,0.012000000000
1389097744,30751.000000000000,0.003680210000
1389097744,30751.000000000000,0.010030000000
1389097767,30751.000000000000,0.563152000000
1389097767,30751.000000000000,0.012000000000
1389097771,30751.000000000000,0.152481000000
1389097773,30751.000000000000,0.012000000000
1389097782,30708.900000000000,0.012000000000
1389097782,30708.900000000000,0.010030000000
1389097786,30700.000000000000,0.050000000000
1389097818,30650.000000000000,0.012000000000
1389097818,30650.000000000000,0.040000000000
1389097824,30712.000000000000,0.010970000000
1389097824,30712.000000000000,0.010000000000
1389097824,30751.000000000000,0.213099000000
1389097825,30649.500000000000,0.019352700000
1389097828,30646.500000000000,0.050309800000
1389097837,30640.200000000000,0.057842600000
1389097895,30700.000000000000,0.010450500000
1389097901,30640.200000000000,0.442157000000
1389097901,30500.000000000000,0.100000000000
1389097901,30500.000000000000,0.010000000000
1389097901,30500.000000000000,0.150000000000
1389097901,30500.000000000000,0.030000000000
1389097901,30639.000000000000,0.010000000000
1389097901,30500.000000000000,0.028036700000
1389097901,30640.000000000000,0.010000000000
1389097901,30600.000000000000,0.101000000000
1389097901,30510.000000000000,0.100000000000
1389097901,30556.100000000000,0.010030000000
1389097901,30588.000000000000,0.016774000000
1389097901,30700.000000000000,0.290549000000
1389097901,30533.900000000000,0.131010000000
1389097901,30556.100000000000,0.425122000000
1389097923,30500.000000000000,0.058000000000
1389097979,30404.100000000000,0.010030000000
1389097979,30492.000000000000,0.012000000000
1389097979,30499.900000000000,0.750000000000
1389097979,30496.000000000000,0.357689000000
1389098010,30350.000000000000,0.010030000000
1389098010,30350.000000000000,0.009970000000
1389098056,30350.000000000000,0.000809940000
1389098065,30303.000000000000,0.025913500000
1389098085,30303.000000000000,0.014215000000
1389098087,30303.000000000000,0.083321500000
1389098095,30303.000000000000,0.010000000000
1389098097,30303.000000000000,0.006678550000
1389098111,30350.000000000000,0.399416000000
1389098118,30350.000000000000,0.890075000000
1389098143,30350.000000000000,0.072599600000
1389098163,30400.000000000000,0.417821000000
1389098194,30310.000000000000,0.010000000000
1389098195,30400.000000000000,1.409670000000
1389098211,30400.000000000000,0.214458000000
1389098241,30400.000000000000,0.413333000000
1389098243,30310.000000000000,0.010030000000
1389098243,30310.000000000000,0.179970000000
1389098276,30310.000000000000,0.010000000000
1389098310,30607.700000000000,0.012000000000
1389098310,30607.700000000000,0.010000000000
1389098311,30607.700000000000,0.003000000000
1389098365,30310.000000000000,0.012000000000
1389098365,30310.000000000000,0.010030000000
1389098415,30301.000000000000,0.010363800000
1389098441,30300.000000000000,0.017942900000
1389098441,30300.000000000000,0.008030570000
1389098444,30300.000000000000,0.082057100000
1389098460,30200.000000000000,0.040000000000
1389098460,30252.800000000000,0.010030000000
1389098462,30200.000000000000,0.043650000000
1389098496,30187.000000000000,0.012000000000
1389098498,30187.000000000000,0.010000000000
1389098498,30187.000000000000,0.116475000000
1389098498,30187.000000000000,0.010000000000
1389098584,30102.300000000000,0.010030000000
1389098584,30102.300000000000,0.102052000000
1389098585,30310.000000000000,0.092052000000
1389098585,30102.300000000000,0.000000940000
1389098585,30310.000000000000,0.010000000000
1389098741,30310.000000000000,0.010000000000
1389098779,30102.300000000000,0.010000000000
1389098784,30102.300000000000,0.010030000000
1389098784,30102.300000000000,0.000030000000
1389098785,30102.300000000000,0.023718200000
1389098795,30102.300000000000,0.010000000000
1389098795,30102.300000000000,0.070038000000
1389098986,30300.000000000000,0.010000000000
1389098988,30300.000000000000,0.040000000000
1389098989,30300.000000000000,0.010030000000
1389099018,30140.100000000000,0.400000000000
1389099018,30140.100000000000,0.010030000000
1389099018,30140.000000000000,0.034856200000
1389099053,30200.000000000000,0.231496000000
1389099220,30200.100000000000,0.314021000000
1389099238,30200.100000000000,0.235516000000
1389099238,30200.200000000000,0.210000000000
1389099241,30200.100000000000,0.210000000000
1389099244,30200.000000000000,0.168504000000
1389099250,30200.100000000000,1.039530000000
1389099279,30140.000000000000,0.177009000000
1389099279,30140.000000000000,0.021574700000
1389099279,30140.000000000000,0.092386000000
1389099288,30000.100000000000,0.100000000000
1389099288,30036.600000000000,0.011000000000
1389099288,30013.100000000000,0.096344200000
1389099288,30020.000000000000,3.000000000000
1389099288,30000.000000000000,0.010000000000
1389099288,30001.000000000000,0.010000000000
1389099288,30001.000000000000,0.223624000000
1389099288,30000.100000000000,0.010000000000
1389099288,30003.000000000000,0.250000000000
1389099288,30064.900000000000,0.010655500000
1389099288,30140.000000000000,0.076425300000
1389099288,30010.000000000000,0.120000000000
1389099288,30004.000000000000,0.500000000000
1389099288,30004.200000000000,0.050000000000
1389099288,30010.000000000000,0.500000000000
1389099288,30102.300000000000,0.010030000000
1389099289,30000.000000000000,0.317016000000
1389099290,30000.000000000000,0.112470000000
1389099290,30000.000000000000,0.010034700000
1389099291,30000.000000000000,0.010000000000
1389099303,30000.000000000000,1.506890000000
1389099306,30000.000000000000,0.133423000000
1389099316,30000.000000000000,0.154824000000
1389099330,30000.000000000000,0.010030000000
1389099330,30000.000000000000,0.010000000000
1389099330,30000.000000000000,0.100000000000
1389099330,30000.000000000000,0.016008200000
1389099347,30000.000000000000,0.185610000000
1389099347,30000.000000000000,0.091745000000
1389099347,30000.000000000000,0.028319400000
1389099347,30000.000000000000,0.100067000000
1389099348,30000.000000000000,0.317177000000
1389099365,30000.000000000000,0.440000000000
1389099386,30000.000000000000,0.024549600000
1389099386,30000.000000000000,0.075050400000
1389099396,30000.000000000000,0.254704000000
1389099396,30000.000000000000,0.356789000000
1389099396,30000.000000000000,0.077240400000
1389099396,30000.000000000000,0.060600000000
1389099396,30000.000000000000,0.022366700000
1389099396,30000.000000000000,0.070000000000
1389099396,30000.000000000000,0.158300000000
1389099414,30000.000000000000,0.028612400000
1389099420,30000.000000000000,0.056287800000
1389099420,30000.000000000000,0.087018800000
1389099420,30000.000000000000,0.305793000000
1389099461,30140.000000000000,0.010990000000
1389099462,30140.000000000000,0.089010000000
1389099468,30000.000000000000,0.042215900000
1389099472,30000.000000000000,0.401276000000
1389099472,30000.000000000000,2.062500000000
1389099472,30000.000000000000,1.002000000000
1389099472,30000.000000000000,0.073636100000
1389099472,30000.000000000000,0.694207000000
1389099472,30000.000000000000,0.200000000000
1389099472,30000.000000000000,0.030000000000
1389099480,29999.000000000000,0.131000000000
1389099493,29952.500000000000,0.010030000000
1389099541,29900.000000000000,0.022672000000
1389099600,29850.000000000000,0.090643500000
1389099601,29850.000000000000,0.021356500000
1389099604,29803.500000000000,0.010030000000
1389099607,29800.000000000000,0.014503000000
1389099607,29803.500000000000,0.010000000000
1389099696,29800.000000000000,0.009970000000
1389099696,29800.000000000000,0.010030000000
1389099724,29800.000000000000,0.073488800000
1389099728,29800.000000000000,0.000035210000
1389099728,29800.000000000000,0.010000000000
1389099735,29800.000000000000,0.015541200000
1389099742,29800.000000000000,0.115540000000
1389099750,29800.000000000000,0.010964800000
1389099753,29738.000000000000,0.011043100000
1389099753,29750.000000000000,0.111000000000
1389099753,29750.000000000000,0.028380100000
1389099758,29760.000000000000,0.053598100000
1389099765,29750.000000000000,0.900000000000
1389099780,29700.000000000000,0.010030000000
1389099780,29700.000000000000,0.009970000000
1389099844,29700.000000000000,0.010000000000
1389099953,29700.000000000000,0.020000000000
1389099977,29700.000000000000,0.025030000000
1389099984,29700.000000000000,0.010000000000
1389099987,29700.000000000000,0.029940000000
1389099987,29700.000000000000,0.074770000000
1389100081,29693.800000000000,0.010030000000
1389100082,29900.000000000000,0.000000010000
1389100082,29693.800000000000,0.105570000000
1389100114,29900.000000000000,0.010000000000
1389100114,29900.000000000000,0.005000000000
1389100212,29900.000000000000,0.080200000000
1389100212,29900.000000000000,0.009999990000
1389100220,29900.000000000000,0.040296800000
1389100223,29900.000000000000,0.010030000000
1389100342,29900.000000000000,0.010000000000
1389100366,29700.000000000000,0.010030000000
1389100367,29700.000000000000,0.010030000000
1389100370,29700.000000000000,0.439939000000
1389100370,29750.000000000000,0.020265900000
1389100371,29700.000000000000,0.092055600000
1389100371,29700.000000000000,0.022593600000
1389100373,29900.000000000000,0.010000000000
1389100373,29900.000000000000,0.003962400000
1389100373,29700.000000000000,0.112244000000
1389100373,29700.000000000000,0.314144000000
1389100374,29900.000000000000,0.266486000000
1389100374,29700.000000000000,0.100000000000
1389100376,29700.000000000000,0.082814400000
1389100410,29700.000000000000,1.120680000000
1389100423,29693.800000000000,0.010030000000
1389100429,29693.800000000000,0.010999000000
1389100430,29686.300000000000,0.103960000000
1389100430,29693.800000000000,0.000044130000
1389100430,29655.300000000000,0.010030000000
1389100430,29686.300000000000,0.016957700000
1389100434,29551.000000000000,0.011889700000
1389100438,29552.000000000000,0.015327900000
1389100440,29552.000000000000,0.129246000000
1389100446,29507.700000000000,0.010030000000
1389100446,29505.000000000000,0.050233800000
1389100446,29500.000000000000,0.120000000000
1389100446,29500.000000000000,0.072586100000
1389100446,29551.000000000000,0.048110300000
1389100454,29500.000000000000,0.508710000000
1389100456,29500.000000000000,0.078779500000
1389100458,29500.000000000000,0.081693000000
1389100463,29500.000000000000,0.040820100000
1389100463,29500.000000000000,0.277672000000
1389100463,29500.000000000000,0.033899600000
1389100473,29482.300000000000,0.010000000000
1389100482,29434.300000000000,0.011043100000
1389100499,29360.900000000000,0.010030000000
1389100509,29351.500000000000,0.012977400000
1389100509,29351.500000000000,0.059455500000
1389100509,29351.500000000000,0.059455500000
1389100536,29177.000000000000,0.010030000000
1389100536,29177.000000000000,0.019180000000
1389100540,29177.000000000000,0.010030000000
1389100557,29050.000000000000,0.115000000000
1389100557,29068.000000000000,0.010030000000
1389100557,29051.000000000000,1.000000000000
1389100557,29003.000000000000,0.124625000000
1389100557,29051.000000000000,0.010000000000
1389100557,29068.000000000000,0.010641900000
1389100588,29000.000000000000,0.085700000000
1389100588,29000.000000000000,0.025000000000
1389100588,29000.000000000000,0.300000000000
1389100588,29000.000000000000,0.105141000000
1389100588,29000.000000000000,0.400000000000
1389100588,29003.000000000000,0.125375000000
1389100588,29001.000000000000,0.038000000000
1389100588,29000.000000000000,0.035000000000
1389100588,29000.000000000000,0.112497000000
1389100588,29000.000000000000,0.019221400000
1389100588,29000.000000000000,0.077333300000
1389100593,29000.000000000000,0.122667000000
1389100597,29000.000000000000,0.036492100000
1389100599,29000.000000000000,0.010000000000
1389100604,29000.000000000000,0.040841200000
1389100611,29177.000000000000,0.010000000000
1389100611,29177.000000000000,0.039848400000
1389100615,29177.000000000000,0.362821000000
1389100645,28934.000000000000,0.111327000000
1389100645,28934.000000000000,0.010030000000
1389100645,28934.000000000000,0.010030000000
1389100646,28934.000000000000,0.123587000000
1389100647,28934.000000000000,0.620712000000
1389100648,28934.000000000000,0.010000000000
1389100650,28934.000000000000,1.423300000000
1389100652,28934.000000000000,0.990000000000
1389100652,28934.000000000000,0.044905700000
1389100661,28934.000000000000,1.814210000000
1389100667,28934.000000000000,0.063218400000
1389100707,28934.000000000000,0.010030000000
1389100707,28934.000000000000,0.083495500000
1389100707,28934.000000000000,2.906470000000
1389100721,29175.800000000000,0.010000000000
1389100721,28934.000000000000,0.000198040000
1389100721,28934.000000000000,0.039410900000
1389100727,29175.800000000000,0.029411000000
1389100729,28934.000000000000,0.234411000000
1389100729,28922.700000000000,0.010030000000
1389100731,28900.100000000000,0.039557100000
1389100732,29175.800000000000,0.012000000000
1389100732,28934.000000000000,0.065555100000
1389100733,29175.800000000000,0.053555100000
1389100733,28934.000000000000,0.034444900000
1389100733,28934.000000000000,0.001662740000
1389100748,29175.800000000000,0.009970000000
1389100748,29175.800000000000,0.010030000000
1389100814,29452.400000000000,0.010000000000
1389100814,29452.400000000000,0.012977400000
1389100814,29452.400000000000,0.010000000000
1389100815,29452.400000000000,0.012000000000
1389100815,29452.400000000000,0.118911000000
1389100832,29700.000000000000,0.000000020000
1389100832,29700.000000000000,0.010000000000
1389100833,29700.000000000000,0.086800000000
1389100833,29700.000000000000,0.010000000000
1389100833,29700.000000000000,0.012000000000
1389100833,29700.000000000000,0.243599000000
1389100834,29700.000000000000,0.177096000000
1389100835,29700.000000000000,0.011952000000
1389100835,29700.000000000000,0.034990400000
1389100837,29700.000000000000,0.081136900000
1389100840,29700.000000000000,0.076948100000
1389100844,29700.000000000000,0.102610000000
1389100846,29700.000000000000,0.012000000000
1389100846,29700.000000000000,0.655912000000
1389100848,29700.000000000000,0.027001600000
1389100848,29700.000000000000,0.235486000000
1389100849,29700.000000000000,0.021121800000
1389100850,29700.000000000000,0.025309400000
1389100852,29700.000000000000,0.076010000000
1389100857,29700.000000000000,0.044172500000
1389100858,29700.000000000000,0.012000000000
1389100858,29800.000000000000,0.000000030000
1389100872,29800.000000000000,0.150000000000
1389100872,29800.000000000000,0.012000000000
1389100874,29800.000000000000,0.181821000000
1389100874,29880.600000000000,0.011619100000
1389100874,29800.000000000000,0.162000000000
1389100878,29880.600000000000,0.011619100000
1389100878,29880.600000000000,0.188381000000
1389100920,29800.000000000000,0.012000000000
1389100925,29952.500000000000,0.212325000000
1389100925,30000.000000000000,0.012141800000
1389100925,29952.500000000000,0.846105000000
1389100925,30000.000000000000,0.539870000000
1389100925,29984.500000000000,0.675114000000
1389100926,30000.000000000000,0.506335000000
1389100929,30075.800000000000,0.013971000000
1389100931,30000.000000000000,0.010030000000
1389100933,30000.000000000000,0.218012000000
1389100934,30000.000000000000,0.011555600000
1389100935,30000.000000000000,0.970322000000
1389100935,30000.000000000000,0.027044900000
1389100936,30000.000000000000,0.011555600000
1389100967,30017.700000000000,0.010000000000
1389100968,30017.700000000000,0.042212700000
1389100968,30017.700000000000,0.010030000000
1389100968,30017.700000000000,0.085039500000
1389100969,30017.700000000000,0.085039500000
1389100970,30017.700000000000,0.085039500000
1389100985,30017.700000000000,0.073913100000
1389100986,30017.700000000000,0.073913100000
1389100996,30017.700000000000,0.047014900000
1389100998,30020.300000000000,0.156515000000
1389101005,30017.700000000000,0.011119100000
1389101006,30017.700000000000,0.316709000000
1389101008,30017.700000000000,0.011119100000
1389101008,30020.300000000000,0.043046000000
1389101014,30020.300000000000,0.040000000000
1389101019,30020.300000000000,0.138388000000
1389101019,30020.300000000000,0.053905600000
1389101020,30075.800000000000,0.109413000000
1389101034,30075.800000000000,0.098765600000
1389101034,30075.800000000000,0.000549820000
1389101042,30140.000000000000,0.020000000000
1389101055,30140.000000000000,0.088628300000
1389101055,30140.000000000000,0.021704100000
1389101055,30140.000000000000,0.019421900000
1389101062,30157.300000000000,0.114833000000
1389101071,30291.600000000000,0.010000000000
1389101074,30291.600000000000,0.010030000000
1389101075,30291.600000000000,0.064093600000
1389101080,30291.600000000000,0.042735300000
1389101080,30291.600000000000,0.193340000000
1389101104,30291.600000000000,0.010242100000
1389101104,30291.600000000000,0.100000000000
1389101113,30291.600000000000,0.024504700000
1389101131,30434.000000000000,0.030000000000
1389101131,30291.600000000000,0.035105000000
1389101131,30291.600000000000,0.220004000000
1389101131,30291.600000000000,0.050000000000
1389101131,30379.300000000000,0.010000000000
1389101131,30310.000000000000,0.022030000000
1389101135,30310.000000000000,0.144282000000
1389101135,30310.000000000000,0.218531000000
1389101135,30310.000000000000,0.461701000000
1389101139,30310.000000000000,0.077709700000
1389101145,30310.000000000000,0.022030000000
1389101145,30310.000000000000,0.583293000000
1389101145,30310.000000000000,0.094665100000
1389101145,30310.000000000000,0.072547300000
1389101145,30310.000000000000,0.144207000000
1389101147,30434.000000000000,0.012000000000
1389101147,30434.000000000000,0.010000000000
1389101147,30434.000000000000,0.218272000000
1389101147,30310.000000000000,0.105288000000
1389101156,30500.000000000000,0.172428000000
1389101156,30434.000000000000,0.012000000000
1389101158,30500.000000000000,0.010030000000
1389101159,30500.000000000000,0.104762000000
1389101169,30295.700000000000,0.010000000000
1389101251,30532.000000000000,0.010000000000
1389101270,30535.000000000000,0.014727000000
1389101291,30685.400000000000,0.010000000000
1389101291,30710.700000000000,0.589687000000
1389101302,30800.000000000000,0.010030000000
1389101302,30800.000000000000,1.489970000000
1389101303,30800.000000000000,1.500000000000
1389101305,30800.000000000000,1.500000000000
1389101308,30800.000000000000,0.119569000000
1389101308,30800.000000000000,0.257333000000
1389101309,30800.000000000000,0.000133630000
1389101309,30800.000000000000,0.033307600000
1389101309,30322.000000000000,0.203670000000
1389101309,30532.000000000000,0.083201300000
1389101317,30685.400000000000,0.099000000000
1389101319,30532.000000000000,0.001000000000
1389101320,30559.400000000000,0.010000000000
1389101321,30800.000000000000,0.033441300000
1389101321,30800.000000000000,0.010030000000
1389101343,30839.600000000000,0.010000000000
1389101344,30839.600000000000,0.400000000000
1389101344,30839.600000000000,0.400000000000
1389101344,30839.600000000000,0.095051300000
1389101345,30839.600000000000,0.400000000000
1389101345,30839.600000000000,0.400000000000
1389101347,30839.600000000000,0.010030000000
1389101347,30839.600000000000,0.039846400000
1389101347,30839.600000000000,0.207973000000
1389101362,30839.600000000000,0.010000000000
1389101362,30839.600000000000,0.024338100000
1389101377,30559.400000000000,0.010030000000
1389101377,30559.400000000000,0.001970000000
1389101377,30559.400000000000,0.010030000000
1389101379,30559.400000000000,0.001970000000
1389101379,30559.400000000000,0.008060000000
1389101379,30559.400000000000,0.058192100000
1389101380,30559.400000000000,0.012000000000
1389101380,30322.000000000000,0.010000000000
1389101380,30559.400000000000,0.008060000000
1389101410,30559.400000000000,0.011363500000
1389101410,30559.400000000000,0.010000000000
1389101419,30559.400000000000,0.010000000000
1389101419,30559.400000000000,0.018636500000
1389101419,30559.400000000000,0.012000000000
1389101419,30559.400000000000,0.012000000000
1389101545,30322.000000000000,0.040017000000
1389101545,30310.000000000000,0.104893000000
1389101545,30322.000000000000,0.100000000000
1389101545,30322.000000000000,0.530265000000
1389101545,30322.000000000000,0.010030000000
1389101545,30322.000000000000,0.162180000000
1389101545,30322.000000000000,0.012000000000
1389101546,30310.000000000000,0.216764000000
1389101548,30111.400000000000,0.010030000000
1389101548,30111.400000000000,0.079647300000
1389101553,30111.400000000000,0.145549000000
1389101553,30310.000000000000,0.010000000000
1389101553,30310.000000000000,0.135549000000
1389101560,30111.400000000000,0.088707900000
1389101560,30111.400000000000,0.010030000000
1389101586,30020.300000000000,0.012000000000
1389101586,30020.300000000000,0.032637500000
1389101586,30020.300000000000,0.364296000000
1389101586,30020.300000000000,0.078124400000
1389101586,30020.300000000000,0.082234400000
1389101587,29880.600000000000,0.010000000000
1389101587,30020.300000000000,0.075891900000
1389101628,29727.100000000000,0.010000000000
1389101630,29727.100000000000,0.090000000000
1389101630,29727.100000000000,0.100000000000
1389101630,29727.100000000000,0.012000000000
1389101631,29727.100000000000,0.022658000000
1389101642,29727.100000000000,0.010000000000
1389101642,29727.100000000000,0.012000000000
1389101644,29727.100000000000,0.274878000000
1389101645,29727.100000000000,0.010030000000
1389101667,29727.100000000000,0.010030000000
1389101667,29727.100000000000,0.012000000000
1389101669,29727.100000000000,0.012000000000
1389101669,29727.100000000000,0.134148000000
1389101671,29727.100000000000,0.012000000000
1389101672,29727.100000000000,0.010000000000
1389101688,29760.200000000000,0.010030000000
1389101688,29760.200000000000,0.012000000000
1389101697,29727.100000000000,0.028239400000
1389101698,29727.100000000000,0.010000000000
1389101698,29727.100000000000,0.012000000000
1389101705,29727.100000000000,0.010030000000
1389101705,29727.100000000000,0.002000000000
1389101706,29727.100000000000,0.010000000000
1389101727,29727.100000000000,0.002000000000
1389101728,29727.100000000000,0.834108000000
1389101728,29727.100000000000,0.739311000000
1389101730,29727.100000000000,0.010000000000
1389101730,29727.100000000000,0.012000000000
1389101754,30020.300000000000,0.010000000000
1389101754,30020.300000000000,0.010000000000
1389101816,30020.300000000000,0.002000000000
1389101825,30020.300000000000,0.010030000000
1389101826,30020.300000000000,0.164202000000
1389101826,30020.300000000000,0.187094000000
1389101828,30020.300000000000,0.201901000000
1389101829,30020.300000000000,0.114585000000
1389101865,29792.400000000000,0.010000000000
1389101882,30020.200000000000,0.012000000000
1389101882,30020.200000000000,0.041022500000
1389101882,30020.200000000000,0.010000000000
1389101911,30020.200000000000,0.012000000000
1389101911,30020.200000000000,0.010000000000
1389101963,30000.000000000000,0.218871000000
1389101963,30000.000000000000,0.479381000000
1389101963,30000.000000000000,0.301748000000
1389101978,30020.200000000000,0.191000000000
1389101978,30020.200000000000,0.191169000000
1389102132,30020.000000000000,0.040000000000
1389102156,29793.000000000000,0.010030000000
1389102156,29793.000000000000,0.012000000000
1389102158,29793.000000000000,0.000646450000
1389102158,29793.000000000000,0.012000000000
1389102204,29792.400000000000,0.000030000000
1389102204,29792.400000000000,0.012000000000
1389102205,29792.400000000000,0.010030000000
1389102206,29792.400000000000,0.108849000000
1389102207,29792.400000000000,0.108631000000
1389102207,29792.400000000000,0.107997000000
1389102208,29792.400000000000,0.010000000000
1389102246,29792.400000000000,0.010030000000
1389102246,29792.400000000000,0.012000000000
1389102247,29792.400000000000,0.012000000000
1389102247,29792.400000000000,0.168637000000
1389102248,29792.400000000000,0.625673000000
1389102249,29792.400000000000,0.010000000000
1389102258,29690.000000000000,0.035663500000
1389102258,29792.400000000000,0.050208400000
1389102258,29792.400000000000,0.010030000000
1389102258,29792.400000000000,0.012000000000
1389102259,29690.000000000000,0.007584840000
1389102263,29700.000000000000,0.010000000000
1389102299,29700.000000000000,0.012000000000
1389102300,29505.000000000000,0.065217400000
1389102300,29452.400000000000,0.027620600000
1389102300,29195.900000000000,0.297088000000
1389102300,29550.000000000000,0.100000000000
1389102300,29587.300000000000,1.822780000000
1389102300,29459.000000000000,0.102220000000
1389102300,29211.900000000000,0.010030000000
1389102300,29400.000000000000,0.170000000000
1389102300,29631.900000000000,0.010030000000
1389102300,29500.300000000000,0.010000000000
1389102300,29500.000000000000,0.100000000000
1389102300,29358.000000000000,0.010030000000
1389102300,29551.000000000000,2.020120000000
1389102300,29189.000000000000,0.036418700000
1389102300,29500.000000000000,0.150000000000
1389102300,29189.000000000000,0.541444000000
1389102322,29700.000000000000,0.012000000000
1389102322,29700.000000000000,0.012000000000
1389102322,29700.000000000000,0.010030000000
1389102322,29700.000000000000,0.023776500000
1389102322,29700.000000000000,0.010030000000
1389102323,29700.000000000000,0.142164000000
1389102326,29700.000000000000,0.010000000000
1389102328,30020.200000000000,0.018000000000
1389102328,30020.200000000000,0.010000000000
1389102328,30020.200000000000,0.010000000000
1389102328,30020.200000000000,0.012000000000
1389102331,30020.200000000000,0.005379180000
1389102331,30020.200000000000,0.010000000000
1389102335,29739.600000000000,0.050000000000
1389102335,29700.000000000000,0.012000000000
1389102335,29700.000000000000,0.010030000000
1389102335,29700.000000000000,0.010030000000
1389102336,29700.000000000000,0.010954900000
1389102336,30020.200000000000,0.010955000000
1389102339,29700.000000000000,0.010000000000
1389102339,29700.000000000000,0.010000000000
1389102340,29700.000000000000,0.012000000000
1389102357,30020.200000000000,0.045000000000
1389102426,30000.000000000000,0.038000000000
1389102426,30000.000000000000,0.012000000000
1389102426,30000.000000000000,0.050000000000
1389102448,30000.000000000000,0.548015000000
1389102448,30000.000000000000,0.012000000000
1389102448,30000.000000000000,0.662843000000
1389102449,30000.000000000000,0.095475700000
1389102449,30000.000000000000,0.334056000000
1389102452,30020.200000000000,0.010000000000
1389102458,30020.200000000000,0.010000000000
1389102462,30020.300000000000,0.049891700000
1389102465,30020.300000000000,0.086746700000
1389102465,30020.300000000000,0.114585000000
1389102466,30020.300000000000,0.036107600000
1389102469,30020.300000000000,0.049875200000
1389102473,30020.300000000000,0.154585000000
1389102476,30050.700000000000,0.100000000000
1389102479,30051.300000000000,0.458818000000
1389102484,30051.300000000000,0.307842000000
1389102516,30100.000000000000,0.146502000000
1389102521,30100.000000000000,0.053096200000
1389102534,30100.000000000000,0.000001530000
1389102561,30310.000000000000,0.010000000000
1389102562,30050.000000000000,0.038704400000
1389102562,30100.000000000000,0.050098700000
1389102562,30100.000000000000,0.010030000000
1389102587,30310.000000000000,0.004000000000
1389102587,30100.000000000000,0.010000000000
1389102599,30310.000000000000,0.047687100000
1389102599,30417.900000000000,0.509234000000
1389102599,30310.000000000000,0.012000000000
1389102599,30310.000000000000,0.006000000000
1389102607,30310.000000000000,0.018000000000
1389102608,30310.000000000000,0.010030000000
1389102617,30310.000000000000,0.018000000000
1389102617,30417.900000000000,0.072000000000
1389102617,30417.900000000000,0.010000000000
1389102617,30417.900000000000,0.012000000000
1389102625,30150.000000000000,0.086557700000
1389102626,30150.000000000000,0.012000000000
1389102631,30150.000000000000,0.012000000000
1389102631,30150.000000000000,0.010030000000
1389102633,30150.000000000000,0.010030000000
1389102636,30417.900000000000,0.012000000000
1389102636,30417.900000000000,0.010000000000
1389102636,30434.000000000000,1.122300000000
1389102636,30417.900000000000,0.437705000000
1389102636,30417.900000000000,0.028000000000
1389102638,30434.000000000000,0.377705000000
1389102638,30500.000000000000,0.381073000000
1389102638,30500.000000000000,0.010000000000
1389102638,30500.000000000000,1.118430000000
1389102638,30417.900000000000,0.012000000000
1389102639,30500.000000000000,0.682700000000
1389102639,30500.000000000000,0.012000000000
1389102647,30500.000000000000,0.010030000000
1389102858,30500.000000000000,0.001896490000
1389102858,30500.000000000000,0.010000000000
1389102863,30500.000000000000,0.040000000000
1389102962,30400.000000000000,0.010000000000
1389102976,30159.000000000000,0.337250000000
1389102976,30258.400000000000,0.012000000000
1389102976,30258.400000000000,0.010030000000
1389102985,30400.000000000000,0.012000000000
1389102985,30400.000000000000,0.010000000000
1389102986,30400.000000000000,0.078114600000
1389102988,30400.000000000000,0.003585380000
1389103022,30400.000000000000,0.010030000000
1389103043,30400.000000000000,0.009930000000
1389103078,30400.000000000000,0.074527300000
1389103078,30400.000000000000,0.796319000000
1389103078,30400.000000000000,0.098882400000
1389103113,30400.000000000000,0.010000000000
1389103113,30400.000000000000,0.011728700000
1389103113,30400.000000000000,0.028271300000
1389103200,30175.000000000000,0.010030000000
1389103200,30175.000000000000,0.012000000000
1389103203,30175.000000000000,0.010000000000
1389103205,30175.000000000000,0.012000000000
1389103205,30175.000000000000,0.010030000000
1389103206,30111.400000000000,0.603060000000
1389103207,30111.400000000000,0.012000000000
1389103208,30111.400000000000,0.141943000000
1389103208,30111.400000000000,0.283886000000
1389103209,30111.400000000000,0.015358700000
1389103210,30100.000000000000,0.010000000000
1389103211,30100.000000000000,0.013935000000
1389103214,30111.400000000000,0.010000000000
1389103232,30111.400000000000,0.012000000000
1389103232,30111.400000000000,0.010030000000
1389103234,30111.400000000000,0.004193410000
1389103235,30111.400000000000,0.010000000000
1389103322,30111.400000000000,0.010030000000
1389103322,30111.400000000000,0.012000000000
1389103337,30100.000000000000,0.006065010000
1389103337,30100.000000000000,0.012000000000
1389103347,30020.300000000000,0.012000000000
1389103347,30020.300000000000,0.453698000000
1389103377,30020.300000000000,0.010000000000
1389103377,30020.300000000000,0.000020480000
1389103391,30020.300000000000,0.216378000000
1389103391,30020.300000000000,0.117419000000
1389103392,30020.300000000000,0.098731400000
1389103395,30020.300000000000,0.048576700000
1389103399,30020.300000000000,0.162383000000
1389103404,30020.300000000000,0.050000000000
1389103432,30000.000000000000,0.100000000000
1389103432,29999.000000000000,0.010000000000
1389103432,30000.000000000000,0.060370000000
1389103504,30015.000000000000,0.010000000000
1389103504,30015.000000000000,0.028000000000
1389103504,30015.000000000000,0.012000000000
1389103552,30015.000000000000,0.012000000000
1389103552,30015.000000000000,0.841966000000
1389103575,30015.000000000000,0.122000000000
1389103579,30020.300000000000,1.077820000000
1389103658,30379.300000000000,0.012000000000
1389103658,30379.300000000000,0.010000000000
1389103659,30379.300000000000,0.002700000000
1389103721,30015.000000000000,0.012000000000
1389103721,30015.000000000000,0.045315800000
1389103841,29855.000000000000,0.010030000000
1389103841,29812.000000000000,0.300000000000
1389103841,29855.000000000000,0.096147200000
1389103841,29855.000000000000,0.553409000000
1389103841,29855.000000000000,1.823050000000
1389103841,29854.800000000000,0.090000000000
1389103841,29815.200000000000,0.202019000000
1389103841,29855.000000000000,0.012000000000
1389103841,29854.800000000000,0.036498200000
1389103841,29754.000000000000,0.275000000000
1389103841,29753.100000000000,0.100000000000
1389103841,29600.000000000000,0.100000000000
1389103841,29700.000000000000,0.030360200000
1389103841,29500.000000000000,0.083796000000
1389103841,29600.000000000000,0.100000000000
1389103841,29589.300000000000,0.010030000000
1389103841,29700.000000000000,0.100000000000
1389103841,29742.300000000000,0.100000000000
1389104115,29813.800000000000,0.010030000000
1389104115,29730.000000000000,0.137517000000
1389104115,29813.800000000000,0.012000000000
1389104115,29813.800000000000,0.010030000000
1389104144,29730.000000000000,0.168000000000
1389104144,29730.000000000000,0.012000000000
1389104277,29780.700000000000,0.046985800000
1389104327,29990.000000000000,0.012000000000
1389104327,29990.000000000000,0.010000000000
1389104329,29990.000000000000,0.010000000000
1389104329,29990.000000000000,0.010000000000
1389104330,29990.000000000000,0.068000000000
1389104345,29770.200000000000,0.012000000000
1389104345,29770.200000000000,0.010030000000
1389104346,29770.200000000000,0.010030000000
1389104346,29770.200000000000,0.012000000000
1389104346,29770.200000000000,0.010030000000
1389104348,29770.200000000000,0.010000000000
1389104348,29770.200000000000,0.023410000000
1389104828,29770.200000000000,0.010030000000
1389104828,29770.200000000000,0.357082000000
1389104833,29770.200000000000,0.272269000000
1389104833,29770.200000000000,0.010000000000
1389104835,29770.200000000000,0.250391000000
1389104839,29770.200000000000,0.205632000000
1389104840,29770.200000000000,0.022246000000
1389104942,29771.100000000000,0.030000000000
1389104942,29770.200000000000,0.259470000000
1389104942,29771.100000000000,0.010030000000
1389104945,29989.900000000000,0.010000000000
1389104945,29989.900000000000,0.012000000000
1389104948,29989.900000000000,0.211605000000
1389104949,29989.900000000000,0.901577000000
1389104984,29771.400000000000,0.049932300000
1389104984,29771.400000000000,0.010030000000
1389104986,29771.200000000000,0.064837700000
1389105011,29770.200000000000,0.012000000000
1389105014,29770.200000000000,0.001310230000
1389105015,29770.200000000000,0.010000000000
1389105110,29770.200000000000,0.010030000000
1389105111,29770.200000000000,0.077754000000
1389105158,29646.200000000000,0.090000000000
1389105158,29646.200000000000,0.219716000000
1389105159,29646.200000000000,0.292240000000
1389105159,29646.200000000000,0.040527000000
1389105159,29646.200000000000,0.010000000000
1389105159,29646.200000000000,0.050755200000
1389105159,29646.200000000000,0.085990300000
1389105159,29646.200000000000,0.114198000000
1389105178,29645.000000000000,0.050000000000
1389105222,29984.000000000000,0.057445900000
1389105222,29984.000000000000,0.010030000000
1389105222,29984.000000000000,0.010000000000
1389105222,29984.000000000000,0.012000000000
1389105222,29984.000000000000,0.010000000000
1389105223,29984.000000000000,0.376874000000
1389105225,29984.000000000000,0.010030000000
1389105397,29770.000000000000,0.010000000000
1389105397,29770.000000000000,0.010000000000
1389105436,29604.000000000000,0.010030000000
1389105438,29604.000000000000,0.010030000000
1389105438,29604.000000000000,0.977940000000
1389105501,29604.000000000000,0.010030000000
1389105504,29604.000000000000,0.033317700000
1389105578,29604.000000000000,0.010030000000
1389105579,29604.000000000000,0.012000000000
1389105579,29604.000000000000,0.063174400000
1389105604,29551.000000000000,0.129000000000
1389105608,29550.000000000000,0.100000000000
1389105611,29550.000000000000,0.259235000000
1389105611,29550.000000000000,0.322000000000
1389105611,29550.000000000000,0.132765000000
1389105616,29500.000000000000,0.050000000000
1389105616,29500.000000000000,0.100000000000
1389105616,29500.000000000000,0.016204000000
1389105675,29465.600000000000,0.090000000000
1389105678,29400.000000000000,0.027000000000
1389105680,29400.000000000000,0.010000000000
1389105686,29400.000000000000,0.058469800000
1389105686,29373.300000000000,0.010030000000
1389105686,29327.300000000000,0.031500200000
1389105692,29327.300000000000,0.049465200000
1389105692,29327.300000000000,0.068499800000
1389105703,29327.300000000000,0.010000000000
1389105703,29327.300000000000,0.068499800000
1389105709,29550.000000000000,0.010000000000
1389105710,29550.000000000000,0.012000000000
1389105712,29551.000000000000,0.610341000000
1389105723,29327.300000000000,0.004909950000
1389105723,29327.300000000000,0.012000000000
1389105723,29327.300000000000,0.010030000000
1389105725,29327.300000000000,0.010030000000
1389105726,29327.300000000000,0.009440220000
1389105727,29327.300000000000,0.010000000000
1389105731,29327.300000000000,0.071500100000
1389105732,29327.300000000000,1.061410000000
1389105747,29327.300000000000,0.019790000000
1389105750,29551.000000000000,0.012000000000
1389105750,29551.000000000000,0.817000000000
1389105750,29551.000000000000,0.010000000000
1389105759,29551.000000000000,0.012000000000
1389105759,29551.000000000000,0.006839540000
1389105762,29551.000000000000,0.129000000000
1389105864,29551.000000000000,0.010030000000
1389105864,29551.000000000000,0.000535430000
1389106072,29575.200000000000,0.010030000000
1389106072,29575.200000000000,0.009949080000
1389106096,29898.200000000000,0.012000000000
1389106096,29898.200000000000,0.004221700000
1389106127,29898.200000000000,1.087060000000
1389106127,29898.200000000000,0.012000000000
1389106127,29898.200000000000,0.010000000000
1389106240,29575.300000000000,0.010030000000
1389106240,29575.300000000000,0.012000000000
1389106241,29575.300000000000,0.100770000000
1389106495,29575.300000000000,0.012000000000
1389106495,29565.000000000000,0.043400000000
1389106495,29575.300000000000,0.060000000000
1389106513,29575.300000000000,0.108595000000
1389106604,29898.100000000000,0.012000000000
1389106606,29898.100000000000,0.010000000000
1389106606,29898.100000000000,0.010000000000
1389106607,29898.100000000000,0.002600000000
1389106694,29898.100000000000,0.012000000000
1389106694,29898.100000000000,0.010000000000
1389106695,29898.100000000000,0.010000000000
1389106699,29898.100000000000,0.010030000000
1389106699,29898.100000000000,0.163873000000
1389106702,29898.100000000000,0.250212000000
1389106800,29575.300000000000,0.012000000000
1389106805,29575.300000000000,0.012080600000
1389106805,29575.300000000000,0.013716600000
1389106835,29898.100000000000,0.010000000000
1389106835,29898.100000000000,0.012000000000
1389106858,29898.100000000000,0.010030000000
1389107148,29898.100000000000,0.010000000000
1389107148,29898.100000000000,0.010000000000
1389107234,29898.100000000000,0.012000000000
1389107242,29898.100000000000,0.010000000000
1389107314,29900.000000000000,0.200000000000
1389107314,29901.000000000000,0.268052000000
1389107347,29901.000000000000,0.077233300000
1389107405,29901.000000000000,0.020000000000
1389107438,29901.000000000000,0.034714600000
1389107438,29901.000000000000,0.012000000000
1389107473,29983.000000000000,0.632802000000
1389107499,29983.000000000000,0.010030000000
1389107500,29983.000000000000,0.024558400000
1389107512,29983.000000000000,0.016700000000
1389107601,29983.000000000000,0.011220100000
1389107717,29983.000000000000,0.016143300000
1389107864,29983.000000000000,0.025936600000
1389107864,29983.000000000000,0.070000000000
1389107884,29989.800000000000,0.020000000000
1389107885,29989.800000000000,0.013760800000
1389107936,29989.800000000000,0.008798320000
1389107936,29989.800000000000,0.072201700000
1389107956,29983.000000000000,0.342640000000
1389107989,29983.000000000000,0.400000000000
1389108053,30000.000000000000,0.867218000000
1389108053,29983.000000000000,0.362782000000
1389108053,29990.000000000000,1.000000000000
1389108319,30000.000000000000,0.377592000000
1389108344,30000.000000000000,0.717349000000
1389108344,30000.000000000000,0.282651000000
1389108347,30000.000000000000,1.000000000000
1389108364,30000.000000000000,0.977264000000
1389108365,30000.000000000000,0.052000000000
1389108538,30000.000000000000,0.010030000000
1389108538,30000.000000000000,0.015242100000
1389108645,30200.000000000000,0.010000000000
1389108678,30200.000000000000,0.010000000000
1389108697,30200.000000000000,0.010030000000
1389108711,30200.000000000000,0.180000000000
1389108711,30200.000000000000,0.010000000000
1389108717,30200.000000000000,0.013179100000
1389108750,30200.000000000000,0.045453100000
1389108751,30200.000000000000,0.098932600000
1389108753,30200.000000000000,0.198748000000
1389108777,30265.400000000000,0.022626600000
1389108777,30496.800000000000,0.022626600000
1389108938,30495.000000000000,0.012000000000
1389108938,30495.000000000000,0.300000000000
1389108961,30495.000000000000,0.173847000000
1389108976,30496.900000000000,0.027142600000
1389108979,30496.900000000000,0.062857400000
1389108979,30496.900000000000,0.012000000000
1389109031,30532.000000000000,0.010000000000
1389109032,30532.000000000000,0.020000000000
1389109103,30572.300000000000,0.010000000000
1389109152,30532.000000000000,0.063000000000
1389109167,30532.000000000000,0.015950000000
1389109456,30532.000000000000,0.919050000000
1389109554,30532.000000000000,0.010000000000
1389109651,30532.000000000000,0.059000000000
1389109665,30550.000000000000,0.020288800000
1389109680,30572.300000000000,0.090000000000
1389109680,30649.300000000000,0.010000000000
1389109712,30550.000000000000,0.019993100000
1389109747,30649.300000000000,0.058656600000
1389109755,30649.300000000000,0.031343400000
1389109796,30551.000000000000,0.156008000000
1389109796,30649.300000000000,0.016856300000
1389109912,30649.300000000000,0.471155000000
1389110003,30649.300000000000,0.160456000000
1389110117,30649.300000000000,0.395594000000
1389110202,30600.000000000000,0.010030000000
1389110212,30600.000000000000,1.999990000000
1389110216,30600.000000000000,0.024470000000
1389110216,30685.400000000000,0.000000010000
1389110249,30685.400000000000,0.009999990000
1389110284,30685.400000000000,0.387007000000
1389110302,30839.600000000000,0.010000000000
1389110302,30839.600000000000,0.015508300000
1389110302,30839.600000000000,0.098778800000
1389110305,30839.600000000000,0.140868000000
1389110305,30839.600000000000,0.010200000000
1389110306,30897.500000000000,0.010200000000
1389110306,30839.600000000000,0.250104000000
1389110319,30839.600000000000,0.235466000000
1389110319,30839.600000000000,0.165706000000
1389110354,30897.500000000000,0.138443000000
1389110363,30897.500000000000,0.488347000000
1389110372,30897.500000000000,0.493584000000
1389110372,30897.500000000000,0.089800000000
1389110372,30897.500000000000,0.037388700000
1389110374,30900.000000000000,0.379228000000
1389110387,30897.500000000000,0.004880120000
1389110400,30685.400000000000,0.236251000000
1389110401,30685.400000000000,0.113125000000
1389110404,30685.400000000000,0.028281400000
1389110419,30897.500000000000,0.064585800000
1389110446,30897.400000000000,0.255087000000
1389110446,30897.400000000000,0.198218000000
1389110447,30897.500000000000,0.476819000000
1389110447,30897.500000000000,0.014551600000
1389110449,30897.500000000000,0.050000000000
1389110450,30685.400000000000,0.281353000000
1389110450,30897.500000000000,0.005324950000
1389110450,30685.400000000000,0.010000000000
1389110457,30600.000000000000,0.100000000000
1389110457,30685.400000000000,0.012000000000
1389110457,30685.400000000000,0.285527000000
1389110469,30685.400000000000,0.684664000000
1389110469,30685.400000000000,0.222235000000
1389110470,30685.400000000000,0.120406000000
1389110470,30685.400000000000,0.012000000000
1389110472,30500.000000000000,0.100000000000
1389110474,30600.000000000000,0.110039000000
1389110479,30400.000000000000,0.012000000000
1389110479,30400.000000000000,0.100000000000
1389110503,30685.400000000000,0.120406000000
1389110503,30685.400000000000,0.918900000000
1389110503,30685.400000000000,0.052964100000
1389110514,30300.000000000000,0.182059000000
1389110593,30301.000000000000,0.012000000000
1389110593,30301.000000000000,0.018242700000
1389110593,30301.000000000000,0.839170000000
1389110698,30500.000000000000,0.179452000000
1389110721,30610.000000000000,0.052915400000
1389110721,30608.600000000000,0.012000000000
1389110721,30450.000000000000,0.536000000000
1389110721,30608.600000000000,0.399085000000
1389110746,30608.600000000000,0.278838000000
1389110747,30608.600000000000,0.453092000000
1389110765,30300.000000000000,0.030000000000
1389110765,30300.000000000000,0.006400000000
1389110881,30608.600000000000,0.300000000000
1389110897,30500.000000000000,0.100000000000
1389110908,30500.000000000000,0.160397000000
1389111111,30500.000000000000,0.033000000000
1389111165,30499.000000000000,0.090000000000
1389111266,30310.000000000000,0.015091600000
1389111302,30302.000000000000,0.150000000000
1389111346,30303.000000000000,0.011500000000
1389111370,30303.000000000000,0.009734500000
1389111427,30303.000000000000,0.008823650000
1389111472,30303.000000000000,0.050000000000
1389111475,30303.000000000000,0.369200000000
1389111543,30300.000000000000,0.013928000000
1389111543,30301.000000000000,0.012000000000
1389111546,30300.000000000000,0.013943100000
1389111584,30300.000000000000,0.100000000000
1389111584,30300.000000000000,0.854366000000
1389111662,30205.000000000000,0.045000000000
1389111668,30490.000000000000,0.467367000000
1389111733,30205.000000000000,0.165385000000
1389111733,30205.000000000000,0.012000000000
1389111789,30205.000000000000,0.091680800000
1389111789,30205.000000000000,0.028725600000
1389111789,30205.000000000000,0.028730500000
1389111793,30205.000000000000,0.050318000000
1389111801,30205.000000000000,0.010030000000
1389111801,30205.000000000000,0.012000000000
1389111801,30205.000000000000,0.088812800000
1389111843,30205.000000000000,0.012732500000
1389111846,30200.000000000000,0.012673100000
1389111924,30200.000000000000,0.067249400000
1389111943,30200.000000000000,0.020077500000
1389111975,30200.000000000000,0.022853500000
1389112002,30200.000000000000,0.077146600000
1389112002,30200.000000000000,0.020539100000
1389112029,30173.300000000000,0.118910000000
1389112053,30100.000000000000,0.100000000000
1389112068,30000.000000000000,0.015492200000
1389112140,30000.000000000000,0.032007800000
1389112140,30000.000000000000,0.733952000000
1389112141,30000.000000000000,0.040000000000
1389112142,30000.000000000000,0.279341000000
1389112222,30199.000000000000,0.083878300000
1389112285,30199.000000000000,0.040000000000
1389112285,30000.000000000000,0.120135000000
1389112424,30000.100000000000,0.099800000000
1389112436,30000.100000000000,0.014841800000
1389112471,30100.000000000000,0.027413100000
1389112581,30100.000000000000,1.646700000000
1389112582,30100.000000000000,0.370070000000
1389112584,30100.000000000000,0.832416000000
1389112585,30100.000000000000,1.150820000000
1389112691,30100.000000000000,0.013093700000
1389112902,30100.000000000000,0.060000000000
1389112936,30084.600000000000,0.115928000000
1389112944,30084.600000000000,0.850403000000
1389112964,30000.100000000000,0.012000000000
1389113024,30000.100000000000,0.500000000000
1389113029,30084.600000000000,0.060176100000
1389113030,30100.000000000000,0.126244000000
1389113030,30084.600000000000,0.055752000000
1389113049,30000.000000000000,0.233661000000
1389113049,30000.000000000000,0.490000000000
1389113099,30000.100000000000,0.012973400000
1389113136,30000.000000000000,0.688233000000
1389113186,30000.000000000000,0.215487000000
1389113228,29905.500000000000,0.020822000000
1389113235,29905.500000000000,0.011139200000
1389113235,29905.500000000000,0.011139200000
1389113235,30100.000000000000,0.016500000000
1389113235,30100.000000000000,0.003431190000
1389113236,30100.000000000000,0.011067300000
1389113258,30100.000000000000,0.267097000000
1389113434,30000.000000000000,0.011666700000
1389113525,29905.500000000000,0.010000000000
1389113551,29905.500000000000,0.038784900000
1389113551,29905.500000000000,0.012000000000
1389113552,29905.500000000000,0.834215000000
1389113747,29900.000000000000,0.300000000000
1389114000,29900.000000000000,0.010000000000
1389114002,29900.000000000000,0.482239000000
1389114004,29900.000000000000,0.100000000000
1389114006,29898.200000000000,0.090000000000
1389114008,29851.000000000000,0.010030000000
1389114008,29898.100000000000,0.200000000000
1389114009,29851.000000000000,0.020000000000
1389114010,29801.000000000000,0.032744900000
1389114011,29801.000000000000,0.073625500000
1389114012,29801.000000000000,0.007814340000
1389114012,29801.000000000000,0.010592000000
1389114201,30148.000000000000,0.813861000000
1389114201,30146.000000000000,0.063200000000
1389114201,30146.000000000000,0.010000000000
1389114203,30150.000000000000,0.112939000000
1389114235,29880.000000000000,0.005888100000
1389114235,29880.000000000000,0.010030000000
1389114236,29880.000000000000,0.004111900000
1389114306,29880.000000000000,0.017628900000
1389114344,29881.000000000000,0.010030000000
1389114356,29881.000000000000,0.002858800000
1389114440,30000.000000000000,0.210000000000
1389114494,30100.000000000000,0.010000000000
1389114494,30100.000000000000,0.019500000000
1389114496,30100.000000000000,0.033700000000
1389114503,30100.000000000000,0.010000000000
1389114505,30100.000000000000,0.548286000000
1389114508,30100.000000000000,0.031448400000
1389114512,30130.000000000000,0.045911500000
1389114531,30130.000000000000,0.114852000000
1389114574,30130.000000000000,0.459496000000
1389114583,30130.000000000000,0.343780000000
1389114588,30130.000000000000,0.029082800000
1389114606,30130.000000000000,0.273065000000
1389114778,30000.000000000000,0.009970000000
1389114778,30000.000000000000,0.010030000000
1389114790,30000.000000000000,0.010030000000
1389114804,30000.000000000000,0.017593600000
1389114839,30000.000000000000,0.002297430000
1389114886,30001.000000000000,0.325642000000
1389114894,30001.000000000000,0.047613100000
1389114991,30350.000000000000,0.030200000000
1389115064,30300.000000000000,0.020000000000
1389115064,30300.000000000000,0.010000000000
1389115177,30100.000000000000,0.885702000000
1389115177,30100.000000000000,0.010030000000
1389115286,30298.000000000000,0.010000000000
1389115289,30298.000000000000,0.010728500000
1389115294,30298.000000000000,0.093993300000
1389115294,30298.000000000000,0.062900000000
1389115294,30347.000000000000,0.275404000000
1389115294,30347.000000000000,0.059977300000
1389115296,30411.000000000000,0.010596800000
1389115296,30411.000000000000,0.107128000000
1389115338,30490.000000000000,0.010000000000
1389115338,30490.000000000000,0.015061400000
1389115339,30490.000000000000,0.034938600000
1389115343,30480.000000000000,0.600000000000
1389115349,30298.000000000000,0.010030000000
1389115349,30298.000000000000,0.137659000000
1389115496,30298.000000000000,0.010030000000
1389115496,30298.000000000000,0.034880000000
1389115536,30298.000000000000,0.897246000000
1389115563,30298.000000000000,0.510619000000
1389115624,30298.000000000000,0.571440000000
1389115627,30298.000000000000,0.588705000000
1389115627,30298.000000000000,0.250312000000
1389115774,30161.000000000000,0.265882000000
1389115834,30161.000000000000,0.181632000000
1389116057,30161.000000000000,0.430572000000
1389116084,30161.000000000000,0.063300000000
1389116251,30161.000000000000,0.492358000000
1389116326,30161.000000000000,0.077484200000
1389116405,30161.000000000000,0.262450000000
1389116407,30161.000000000000,0.274752000000
1389116407,30161.000000000000,0.100805000000
1389116470,29809.400000000000,0.090000000000
1389116470,29820.000000000000,0.046311500000
1389116470,29820.000000000000,0.094429100000
1389116470,29790.000000000000,0.637259000000
1389116470,29900.000000000000,0.010000000000
1389116470,29801.000000000000,0.020000000000
1389116470,29900.000000000000,0.100000000000
1389116512,29900.000000000000,0.054070200000
1389116538,30161.000000000000,0.050000000000
1389116788,29797.400000000000,0.022420700000
1389116790,29797.400000000000,0.056069100000
1389116859,29790.000000000000,0.063000000000
1389116992,29790.000000000000,0.276705000000
1389116994,29790.000000000000,1.243300000000
1389117064,29790.000000000000,0.862741000000
1389117064,29790.000000000000,0.100000000000
1389117064,29795.000000000000,1.000000000000
1389117065,29790.000000000000,0.254735000000
1389117067,29790.000000000000,0.439160000000
1389117255,30135.800000000000,0.100000000000
1389117255,30135.800000000000,0.291681000000
1389117256,30135.800000000000,0.447119000000
1389117260,30135.800000000000,0.291681000000
1389117296,29751.000000000000,0.191359000000
1389117296,29751.000000000000,0.100000000000
1389117350,29751.000000000000,0.062800000000
1389117382,29751.000000000000,0.102827000000
1389117406,29751.000000000000,0.011122200000
1389117432,29751.000000000000,0.030497900000
1389117432,29751.000000000000,0.015191100000
1389117443,29751.000000000000,0.048448300000
1389117443,29907.600000000000,0.132930000000
1389117465,29751.000000000000,0.020000000000
1389117522,29701.000000000000,0.020000000000
1389117529,29700.000000000000,0.143783000000
1389117600,29700.000000000000,0.141235000000
1389117603,29700.000000000000,0.100000000000
1389117603,29700.000000000000,0.355733000000
1389117604,29700.000000000000,0.113933000000
1389117604,29700.000000000000,0.028483300000
1389117618,29700.000000000000,0.010000000000
1389117623,29700.000000000000,0.011708700000
1389117635,29700.000000000000,0.010000000000
1389117720,29700.000000000000,0.564149000000
1389117720,29700.000000000000,0.105926000000
1389117751,29654.600000000000,0.015838500000
1389117751,29654.600000000000,0.079581500000
1389117885,29906.900000000000,0.034632900000
1389118317,29700.000000000000,0.045340600000
1389118335,29654.600000000000,0.100000000000
1389118335,29654.600000000000,0.019538100000
1389118335,29700.000000000000,0.035870100000
1389118335,29700.000000000000,0.732328000000
1389118335,29700.000000000000,0.059579600000
1389118337,29652.300000000000,0.010030000000
1389118340,29651.000000000000,0.020000000000
1389118343,29632.400000000000,0.090000000000
1389118346,29601.000000000000,0.020000000000
1389118346,29601.000000000000,0.040500000000
1389118349,29589.100000000000,0.090000000000
1389118353,29576.000000000000,0.100000000000
1389118481,29551.000000000000,0.020000000000
1389118481,29551.000000000000,0.016584300000
1389118481,29551.000000000000,0.003672110000
1389118482,29550.000000000000,0.023645900000
1389118495,29550.000000000000,0.088629300000
1389118525,29551.000000000000,0.007060860000
1389118525,29551.000000000000,0.023645000000
1389118530,29550.000000000000,0.887725000000
1389118598,29229.500000000000,0.090000000000
1389118598,29175.800000000000,0.014373200000
1389118598,29211.900000000000,0.010030000000
1389118598,29001.000000000000,0.179409000000
1389118598,29175.800000000000,0.112563000000
1389118598,29002.000000000000,0.017076300000
1389118598,29000.000000000000,0.300000000000
1389118598,29066.600000000000,0.010030000000
1389118598,29199.700000000000,0.030000000000
1389118598,29050.600000000000,0.063784400000
1389118598,29327.300000000000,0.040552400000
1389118598,29500.000000000000,0.095499300000
1389118598,29500.000000000000,0.078000000000
1389118598,29354.400000000000,0.045328500000
1389118598,29175.800000000000,0.027156300000
1389118598,29510.000000000000,0.090000000000
1389118598,29354.400000000000,0.100000000000
1389118598,29443.000000000000,0.061998700000
1389118598,29501.000000000000,0.020000000000
1389118598,29358.000000000000,0.010030000000
1389118598,29504.800000000000,0.010030000000
1389118625,29000.000000000000,1.004420000000
1389118625,29000.000000000000,0.057375100000
1389118680,29550.000000000000,1.142480000000
1389118683,29550.000000000000,0.243889000000
1389118684,29550.000000000000,0.062326600000
1389118727,29016.700000000000,0.324795000000
1389118728,29016.700000000000,0.142995000000
1389118728,29016.700000000000,0.162751000000
1389118728,29016.700000000000,0.062758400000
1389118728,29016.700000000000,0.164727000000
1389118798,29011.000000000000,0.243646000000
1389118799,29011.000000000000,0.027777000000
1389118800,29011.000000000000,0.368853000000
1389118800,29011.000000000000,0.196847000000
1389118833,29096.900000000000,0.010200000000
1389118838,29096.900000000000,0.107165000000
1389118838,29096.900000000000,0.182635000000
1389118874,29011.000000000000,0.050247400000
1389118879,29011.000000000000,0.022852200000
1389118906,29011.000000000000,0.025000000000
1389118915,29011.000000000000,0.012039000000
1389118955,29011.000000000000,0.027951000000
1389118955,29011.000000000000,0.031497200000
1389118976,29000.000000000000,0.205992000000
1389118976,29000.000000000000,0.182808000000
1389118990,29011.000000000000,0.063151800000
1389119021,29011.000000000000,0.010000000000
1389119025,29011.000000000000,0.000200000000
1389119043,29894.900000000000,0.020000000000
1389119047,29636.000000000000,0.812000000000
1389119134,29636.000000000000,0.011700000000
1389119135,29000.000000000000,0.137106000000
1389119137,29000.000000000000,0.014953400000
1389119137,29000.000000000000,0.137941000000
1389119168,29636.000000000000,0.040000000000
1389119289,29000.200000000000,0.116010000000
1389119289,29000.200000000000,0.113990000000
1389119478,29002.000000000000,0.500000000000
1389119482,29002.000000000000,0.087001900000
1389119500,29002.000000000000,0.207909000000
1389119504,29367.600000000000,0.014357000000
1389119647,29358.700000000000,0.089867400000
1389119702,29007.000000000000,0.010000000000
1389119702,29008.000000000000,0.030000000000
1389119702,29007.000000000000,0.058865000000
1389119718,29007.000000000000,0.010000000000
1389119718,29007.000000000000,0.040000000000
1389120036,29007.000000000000,0.019472100000
1389120161,29358.700000000000,0.029700000000
1389120303,29651.800000000000,0.020000000000
1389120326,29641.200000000000,0.350277000000
1389120431,29008.000000000000,0.020533900000
1389120435,29377.700000000000,0.580000000000
1389120491,29377.700000000000,0.260000000000
1389120510,29377.700000000000,0.040000000000
1389120510,29377.700000000000,0.040000000000
1389120511,29377.700000000000,0.028345400000
1389120770,29111.100000000000,0.010000000000
1389120776,29111.100000000000,0.123991000000
1389121007,29300.000000000000,0.052534800000
1389121066,29500.000000000000,0.010100000000
1389121103,29500.000000000000,0.010100000000
1389121143,29500.000000000000,0.010100000000
1389121174,29500.000000000000,0.339104000000
1389121184,29500.000000000000,0.010100000000
1389121200,29300.000000000000,0.217044000000
1389121201,29300.000000000000,0.054261000000
1389121203,29300.000000000000,0.013565200000
1389121294,29300.000000000000,0.322448000000
1389121295,29300.000000000000,0.018561100000
1389121295,29300.000000000000,0.018566600000
1389121296,29300.000000000000,0.010200000000
1389121307,29300.000000000000,0.030224100000
1389121307,29300.000000000000,0.019675900000
1389121569,29123.500000000000,0.066316200000
1389121612,29123.500000000000,0.187596000000
1389121632,29123.500000000000,0.133887000000
1389121656,29123.500000000000,0.010100000000
1389121695,29123.500000000000,0.010100000000
1389121699,29123.500000000000,0.034112800000
1389121733,29123.500000000000,0.010100000000
1389121775,29123.500000000000,0.010100000000
1389121809,29123.500000000000,0.012100000000
1389121814,29123.500000000000,0.010100000000
1389121820,29123.500000000000,0.010200000000
1389121821,29123.500000000000,0.013028400000
1389121830,29123.500000000000,0.149050000000
1389121853,29123.500000000000,0.013659400000
1389121853,29123.500000000000,0.010100000000
1389121863,29123.500000000000,0.040085700000
1389121863,29123.500000000000,0.040113900000
1389121863,29123.500000000000,0.040134800000
1389121863,29123.500000000000,0.040086500000
1389121863,29123.500000000000,0.040085700000
1389121863,29123.500000000000,0.040085700000
1389121864,29123.500000000000,0.021045000000
1389121865,29123.500000000000,0.040085700000
1389121865,29123.500000000000,0.040085700000
1389121866,29123.500000000000,0.010200000000
1389121875,29123.500000000000,0.040105400000
1389121875,29123.500000000000,0.040105400000
1389121875,29123.500000000000,0.040105400000
1389121875,29123.500000000000,0.040107000000
1389121875,29123.500000000000,0.040105400000
1389121876,29123.500000000000,0.010021700000
1389121876,29123.500000000000,0.040105400000
1389121876,29123.500000000000,0.040105400000
1389121876,29123.500000000000,0.040105400000
1389121879,29123.500000000000,0.040105400000
1389121879,29123.500000000000,0.028973200000
1389121879,29123.500000000000,0.040105400000
1389121887,29123.500000000000,0.000000010000
1389121887,29123.500000000000,0.010978000000
1389121908,29124.000000000000,0.089687700000
1389121954,29392.200000000000,0.080769600000
1389121954,29333.000000000000,0.017000000000
1389121972,29124.000000000000,0.451547000000
1389121972,29124.000000000000,0.067271700000
1389121985,29124.000000000000,0.548453000000
1389121986,29124.000000000000,0.117720000000
1389122005,29123.500000000000,0.013000000000
1389122009,29123.500000000000,0.112191000000
1389122012,29113.000000000000,0.400000000000
1389122014,29112.000000000000,1.689210000000
1389122015,29112.000000000000,0.310787000000
1389122016,29111.100000000000,0.500000000000
1389122027,29124.000000000000,0.036074600000
1389122027,29113.000000000000,0.108129000000
1389122078,29007.000000000000,0.060000000000
1389122078,29007.000000000000,0.050000000000
1389122092,29007.000000000000,0.108129000000
1389122108,29000.000000000000,0.025058600000
1389122108,29000.000000000000,0.021429100000
1389122108,29000.000000000000,3.000000000000
1389122108,29000.000000000000,0.399583000000
1389122108,29000.000000000000,0.088709900000
1389122108,29007.000000000000,0.031871300000
1389122108,29000.000000000000,0.050100200000
1389122112,29000.000000000000,0.013882100000
1389122112,29000.000000000000,0.284941000000
1389122112,29000.000000000000,0.020000000000
1389122123,29000.000000000000,0.086117900000
1389122123,29000.000000000000,0.171500000000
1389122131,28943.000000000000,0.114460000000
1389122132,28943.000000000000,0.000459220000
1389122137,28900.100000000000,0.034419700000
1389122137,28900.000000000000,0.102648000000
1389122137,28901.000000000000,0.100000000000
1389122137,28917.700000000000,0.060000000000
1389122137,28922.000000000000,0.010030000000
1389122146,28901.000000000000,0.013018900000
1389122146,28901.000000000000,0.023998100000
1389122147,28900.000000000000,0.040000000000
1389122147,28900.000000000000,0.040000000000
1389122147,28900.000000000000,0.010222400000
1389122147,28900.000000000000,0.030970200000
1389122147,28901.000000000000,0.029777600000
1389122147,28900.000000000000,0.009029830000
1389122147,28900.000000000000,0.040000000000
1389122148,28900.000000000000,0.029029800000
1389122148,28900.000000000000,0.010970200000
1389122148,28888.000000000000,0.010000000000
1389122148,28900.000000000000,0.012678100000
1389122205,28811.000000000000,0.010000000000
1389122218,28800.000000000000,0.025000000000
1389122231,28778.100000000000,0.010030000000
1389122233,28700.000000000000,0.013045300000
1389122251,28700.000000000000,0.013504900000
1389122251,28634.200000000000,0.010030000000
1389122251,28700.000000000000,0.037471500000
1389122251,28631.500000000000,0.010030000000
1389122251,28700.000000000000,0.096377000000
1389122251,28571.400000000000,0.100000000000
1389122251,28650.000000000000,0.201000000000
1389122251,28500.000000000000,0.010000000000
1389122251,28514.800000000000,0.009788720000
1389122251,28500.000000000000,0.380143000000
1389122251,28611.000000000000,0.010000000000
1389122251,28500.000000000000,0.100000000000
1389122251,28501.000000000000,0.142309000000
1389122251,28527.700000000000,0.010030000000
1389122265,28778.100000000000,0.068652000000
1389122277,28700.000000000000,0.100000000000
1389122277,28700.000000000000,0.037887600000
1389122283,28700.000000000000,0.000000010000
1389122307,28500.000000000000,0.020000000000
1389122307,28500.000000000000,0.028685300000
1389122307,28311.400000000000,1.230510000000
1389122307,28500.000000000000,0.005756620000
1389122307,28500.000000000000,0.100000000000
1389122321,28311.000000000000,0.010000000000
1389122321,28300.000000000000,0.035012700000
1389122321,28311.400000000000,0.269493000000
1389122334,28300.000000000000,0.427328000000
1389122339,28311.400000000000,0.010000000000
1389122343,28311.400000000000,0.426303000000
1389122348,28300.000000000000,0.021736700000
1389122348,28311.400000000000,0.010000000000
1389122348,28300.000000000000,0.308000000000
1389122348,28300.000000000000,1.537660000000
1389122377,28250.000000000000,0.091669500000
1389122377,28179.700000000000,0.400000000000
1389122377,28250.000000000000,0.010357100000
1389122377,28275.800000000000,0.123934000000
1389122377,28250.000000000000,0.008330510000
1389122377,28179.700000000000,0.391669000000
1389122378,28179.700000000000,0.708331000000
1389122381,28178.900000000000,0.010000000000
1389122381,28179.700000000000,0.011324400000
1389122381,28179.700000000000,0.102027000000
1389122389,28275.800000000000,0.057615000000
1389122403,28300.000000000000,0.000000010000
1389122403,28275.800000000000,0.066319100000
1389122408,28300.000000000000,0.771369000000
1389122410,28300.000000000000,0.361236000000
1389122411,28311.400000000000,0.215717000000
1389122411,28311.400000000000,0.428065000000
1389122412,28500.000000000000,0.242450000000
1389122424,28311.400000000000,0.016292000000
1389122425,28311.400000000000,0.073175400000
1389122425,28311.400000000000,0.073175400000
1389122426,28311.400000000000,0.016212600000
1389122426,28311.400000000000,0.039264700000
1389122427,28311.400000000000,0.039919800000
1389122433,28500.000000000000,0.012896900000
1389122437,28311.400000000000,0.010176000000
1389122472,28311.400000000000,0.133974000000
1389122472,28311.400000000000,0.015458200000
1389122478,28300.000000000000,0.092114500000
1389122478,28311.400000000000,0.318180000000
1389122478,28311.400000000000,0.125319000000
1389122479,28275.800000000000,0.066319100000
1389122487,28125.000000000000,0.230000000000
1389122487,28124.000000000000,0.074427400000
1389122563,28124.000000000000,0.010000000000
1389122563,28124.000000000000,0.011737500000
1389122568,28124.000000000000,0.010000000000
1389122585,28124.000000000000,0.248729000000
1389122599,28124.000000000000,0.023896900000
1389122599,28124.000000000000,0.050000000000
1389122599,28124.000000000000,0.050000000000
1389122599,28124.000000000000,0.027701100000
1389122599,28124.000000000000,0.050000000000
1389122599,28124.000000000000,0.050000000000
1389122600,28124.000000000000,0.251598000000
1389122601,28124.000000000000,0.013000000000
1389122604,28124.000000000000,0.733319000000
1389122609,28124.000000000000,0.349576000000
1389122612,28124.000000000000,0.000663940000
1389122612,28111.100000000000,0.207607000000
1389122612,28124.000000000000,0.165488000000
1389122613,28111.100000000000,0.208347000000
1389122617,28111.100000000000,0.043287000000
1389122625,28111.100000000000,0.040758300000
1389122633,28101.000000000000,0.024300000000
1389122633,28102.000000000000,1.000000000000
1389122633,28100.000000000000,0.760073000000
1389122633,28111.000000000000,0.010000000000
1389122633,28034.000000000000,0.889944000000
1389122633,28100.000000000000,0.030000000000
1389122635,28034.000000000000,0.067133000000
1389122652,28034.000000000000,0.027421800000
1389122653,28034.000000000000,0.027443000000
1389122655,28034.000000000000,0.474529000000
1389122668,28034.000000000000,0.013000000000
1389122671,28034.000000000000,0.012840500000
1389122674,28034.000000000000,0.022025700000
1389122676,28034.000000000000,0.153934000000
1389122677,28034.000000000000,0.117188000000
1389122682,28034.000000000000,0.154178000000
1389122683,28034.000000000000,0.348526000000
1389122686,28003.000000000000,0.052668000000
1389122699,28003.000000000000,0.031901200000
1389122705,28000.000000000000,0.020040100000
1389122705,28000.000000000000,0.610982000000
1389122705,28000.000000000000,0.010000000000
1389122705,28003.000000000000,0.165431000000
1389122705,28003.000000000000,0.195226000000
1389122705,28000.000000000000,0.025000000000
1389122705,28000.000000000000,0.049000000000
1389122705,28000.000000000000,0.220000000000
1389122734,28001.000000000000,0.024946400000
1389122735,28001.000000000000,0.024946400000
1389122741,28000.000000000000,0.299780000000
1389122741,28001.000000000000,0.150107000000
1389122742,28003.000000000000,0.023557700000
1389122745,28005.000000000000,0.010978000000
1389122748,28005.000000000000,0.013000000000
1389122754,28005.000000000000,0.050000000000
1389122754,28005.000000000000,0.050000000000
1389122754,28005.000000000000,0.050000000000
1389122754,28005.000000000000,0.050000000000
1389122759,28000.000000000000,0.747536000000
1389122759,28005.000000000000,0.752464000000
1389122811,28001.000000000000,0.042907500000
1389122887,28124.000000000000,0.030000000000
1389122890,28001.000000000000,0.043222600000
1389122912,28124.000000000000,0.010000000000
1389122947,28001.000000000000,0.277000000000
1389122953,28005.000000000000,0.200000000000
1389122957,28001.000000000000,0.050000000000
1389122957,28001.000000000000,0.010000000000
1389122957,28001.000000000000,0.050000000000
1389122957,28001.000000000000,0.050000000000
1389122957,28001.000000000000,0.050000000000
1389122957,28001.000000000000,0.050000000000
1389122967,28001.000000000000,0.338212000000
1389122969,28001.000000000000,0.020887200000
1389122969,28000.000000000000,0.018669600000
1389122969,28000.000000000000,0.050000000000
1389122969,28001.000000000000,0.038657800000
1389122969,28000.000000000000,0.050000000000
1389122969,28000.000000000000,0.109125000000
1389122970,28000.000000000000,0.168670000000
1389122986,28000.000000000000,0.184202000000
1389122987,28001.000000000000,0.050000000000
1389122988,28001.000000000000,0.059545000000
1389123036,28124.000000000000,0.010100000000
1389123049,28124.000000000000,0.035449000000
1389123050,28124.000000000000,0.130106000000
1389123050,28124.000000000000,0.022703200000
1389123067,28124.000000000000,0.010000000000
1389123067,28124.000000000000,0.050145100000
1389123071,28124.000000000000,0.035449000000
1389123071,28275.800000000000,0.000000010000
1389123071,28124.000000000000,0.050105700000
1389123071,28124.000000000000,0.007695850000
1389123109,28275.700000000000,0.050149300000
1389123109,28275.700000000000,0.015238600000
1389123109,28275.700000000000,0.050149300000
1389123119,28275.700000000000,0.199540000000
1389123119,28275.700000000000,1.052460000000
1389123135,28275.800000000000,0.050291100000
1389123136,28275.800000000000,0.010200000000
1389123142,28275.800000000000,0.429998000000
1389123152,28275.800000000000,0.005828010000
1389123163,28300.000000000000,0.042369300000
1389123169,28275.800000000000,0.175902000000
1389123169,28275.800000000000,0.034172000000
1389123259,28311.400000000000,0.035341200000
1389123263,28311.400000000000,0.039919600000
1389123268,28311.400000000000,0.318255000000
1389123268,28311.400000000000,0.173327000000
1389123272,28311.400000000000,0.001916330000
1389123279,28300.000000000000,0.051800000000
1389123296,28299.000000000000,0.139830000000
1389123337,28275.800000000000,0.184093000000
1389123375,28299.000000000000,0.872139000000
1389123395,28299.800000000000,0.112211000000
1389123396,28299.800000000000,0.385169000000
1389123448,28299.000000000000,0.028860700000
1389123452,28299.000000000000,0.077140900000
1389123452,28299.800000000000,0.077082900000
1389123469,28299.800000000000,0.319100000000
1389123479,28299.800000000000,0.027702100000
1389123479,28299.800000000000,0.025796500000
1389123486,28299.800000000000,0.305070000000
1389123487,28299.800000000000,0.030438900000
1389123490,28299.800000000000,0.036698600000
1389123490,28299.800000000000,0.112211000000
1389123495,28400.000000000000,0.101504000000
1389123539,28400.000000000000,0.055305300000
1389123539,28400.000000000000,0.000221890000
1389123543,28600.000000000000,0.500000000000
1389123543,28600.000000000000,0.327856000000
1389123552,28674.600000000000,0.140857000000
1389123553,28674.600000000000,0.017682200000
1389123559,28674.600000000000,0.050362900000
1389123559,28674.600000000000,0.050362900000
1389123560,28674.600000000000,0.020576000000
1389123560,28674.600000000000,0.040734800000
1389123560,28674.600000000000,0.030062300000
1389123560,28674.600000000000,0.070877700000
1389123560,28674.600000000000,0.070938900000
1389123564,28674.600000000000,0.010200000000
1389123566,28600.000000000000,0.010000000000
1389123575,28674.600000000000,0.233796000000
1389123588,28749.600000000000,0.010000000000
1389123592,28749.600000000000,0.002909360000
1389123665,28950.000000000000,0.200598000000
1389123665,28980.000000000000,0.500000000000
1389123665,28950.000000000000,0.192234000000
1389123665,28894.100000000000,0.010000000000
1389123712,29039.200000000000,0.010000000000
1389123739,29124.000000000000,0.040000000000
1389123744,29124.000000000000,0.104444000000
1389123745,29124.000000000000,1.036490000000
1389123745,29124.000000000000,0.596672000000
1389123746,29124.000000000000,0.174346000000
1389123746,29124.000000000000,0.177881000000
1389123746,29124.000000000000,0.643252000000
1389123756,29000.000000000000,0.200000000000
1389123765,29000.000000000000,1.050860000000
1389123788,28700.000000000000,0.050000000000
1389123788,28674.600000000000,0.012938000000
1389123788,28674.600000000000,0.050000000000
1389123788,28700.000000000000,0.037062000000
1389123791,28674.600000000000,0.195293000000
1389123792,28674.600000000000,0.589123000000
1389123796,28674.600000000000,0.190406000000
1389123796,28674.600000000000,0.225240000000
1389123909,28674.600000000000,0.366601000000
1389123910,28674.600000000000,0.157395000000
1389123910,28674.600000000000,0.000631470000
1389123916,28305.100000000000,0.016195000000
1389124029,28306.000000000000,0.100000000000
1389124120,28306.000000000000,0.020000000000
1389124170,28580.000000000000,0.237504000000
1389124220,28580.000000000000,0.017300000000
1389124264,28549.000000000000,0.121000000000
1389124270,28549.000000000000,0.305945000000
1389124328,28549.000000000000,0.202673000000
1389124408,29124.000000000000,0.010032700000
1389124408,29185.200000000000,0.178989000000
1389124408,29124.000000000000,0.010978000000
1389124413,28600.000000000000,0.300000000000
1389124413,28600.000000000000,0.010341700000
1389124429,28600.000000000000,1.452720000000
1389124429,28600.000000000000,0.542093000000
1389124430,28600.000000000000,0.011598300000
1389124430,28600.000000000000,0.010200000000
1389124430,28600.000000000000,0.143789000000
1389124432,28600.000000000000,1.500000000000
1389124434,28600.000000000000,1.029260000000
1389124440,28601.000000000000,0.042284500000
1389124471,29185.000000000000,0.022676400000
1389124471,29185.200000000000,0.143224000000
1389124524,28650.000000000000,0.016931000000
1389124563,28700.000000000000,1.000000000000
1389124563,28700.000000000000,0.961646000000
1389124565,29185.200000000000,0.000000020000
1389124565,28700.000000000000,0.117667000000
1389124585,28700.000000000000,0.117667000000
1389124586,28650.000000000000,0.259465000000
1389124588,28650.000000000000,0.171463000000
1389124588,28650.000000000000,0.215354000000
1389124589,28650.000000000000,0.555021000000
1389124591,28650.000000000000,0.457361000000
1389124595,28650.000000000000,0.101202000000
1389124605,28650.000000000000,0.212060000000
1389124608,28650.000000000000,0.307979000000
1389124610,28650.000000000000,0.156884000000
1389124611,28650.000000000000,0.093553800000
1389124611,28650.000000000000,0.101202000000
1389124616,28650.000000000000,1.000000000000
1389124624,28650.000000000000,0.013006500000
1389124636,28650.000000000000,0.237780000000
