1370725356,93.000000000000,0.053000000000
1372466408,72.000000000000,0.053524720000
1372466428,72.000000000000,0.011360530000
1372467600,72.000000000000,0.000114750000
1372467600,72.000000000000,0.100000000000
1372467630,70.000000000000,0.057157460000
1372469587,70.000000000000,0.942842540000
1372500313,67.990000000000,0.115009480000
1372500325,67.990000000000,0.108246470000
1372511035,67.990000000000,0.068484570000
1372511102,67.990000000000,0.048923840000
1372511382,67.990000000000,0.086869500000
1372511433,67.990000000000,0.112041230000
1372511456,67.990000000000,0.228810500000
1372511556,67.990000000000,0.034775620000
1372511574,67.990000000000,0.027776830000
1372511589,67.990000000000,0.034775620000
1372511599,67.990000000000,0.034775620000
1372511609,67.990000000000,0.034775620000
1372511620,67.990000000000,0.037852600000
1372511630,67.990000000000,0.037852600000
1372511640,67.990000000000,0.037852600000
1372511662,67.990000000000,0.038076870000
1372511677,67.990000000000,0.038076870000
1372511689,67.990000000000,0.038076870000
1372511711,67.990000000000,0.023053200000
1372511722,67.990000000000,0.023053200000
1372513292,70.000000000000,1.134670490000
1372513442,69.000000000000,1.000000000000
1372513564,70.000000000000,2.116144000000
1372513990,69.950000000000,1.000000000000
1372514119,69.990000000000,0.014116590000
1372514948,69.990000000000,0.097795130000
1372514948,69.990000000000,0.052204870000
1372514984,69.990000000000,1.000000000000
1372515151,69.990000000000,0.147795130000
1372515151,69.990000000000,0.017720000000
1372515151,69.990000000000,0.144484870000
1372520656,69.990000000000,0.039776400000
1372521329,69.990000000000,1.500000000000
1372523766,69.990000000000,0.015441600000
1372529788,69.990000000000,1.454498810000
1372529796,70.000000000000,0.100000000000
1372543749,70.000000000000,0.158396520000
1372594578,67.990000000000,0.200099460000
1372594650,67.990000000000,0.143293420000
1372620419,69.500000000000,1.470802610000
1372620419,70.000000000000,0.975812270000
1372620442,70.000000000000,0.647647210000
1372620442,70.000000000000,0.100000000000
1372625914,68.500000000000,0.029587230000
1372685364,68.500000000000,0.465624250000
1372685364,67.990000000000,0.001447410000
1372685364,66.500000000000,2.086900560000
1372703921,66.000000000000,0.100000000000
1372703927,66.000000000000,0.230000000000
1372703927,66.000000000000,2.582288070000
1372708864,67.000000000000,1.990000000000
1372712871,69.000000000000,1.939130430000
1372712877,69.000000000000,1.626420680000
1372712904,69.950000000000,0.223000000000
1372712917,69.950000000000,0.905314600000
1372712943,69.950000000000,1.329990000000
1372712951,69.950000000000,1.100115400000
1372757909,66.900000000000,0.764722430000
1372757909,66.000000000000,0.100000000000
1372757909,65.000000000000,1.500000000000
1372778964,67.000000000000,1.762460930000
1372778964,68.000000000000,0.666000000000
1372779065,65.000000000000,1.000000000000
1372779073,64.000000000000,2.421604000000
1372797934,69.950000000000,0.000000010000
1372797935,69.990000000000,0.100000000000
1372797935,70.000000000000,0.830030000000
1372837272,67.000000000000,2.027967850000
1372837272,66.000000000000,0.690000000000
1372859331,64.000000000000,1.053841250000
1372859778,63.000000000000,0.984127140000
1372859778,62.500000000000,1.000000000000
1372859778,62.500000000000,0.140000000000
1372859779,62.000010000000,0.850806150000
1372859779,62.000000000000,0.666000000000
1372859779,62.000000000000,0.999997820000
1372866615,61.000000000000,0.211209900000
1372866631,60.101130000000,0.019920000000
1372866631,60.101130000000,5.017731230000
1372866631,60.100000000000,0.857062380000
1372891005,60.100000000000,0.142937620000
1372891005,60.000000000000,0.250000000000
1372949890,60.000000000000,6.272642820000
1372949897,60.000000000000,2.814994860000
1372964212,62.000000000000,2.470999670000
1372964220,60.100000000000,0.112000000000
1372964220,60.000000000000,2.000000000000
1372964231,60.000000000000,2.000000000000
1373012964,59.994000000000,0.330000000000
1373012964,59.994000000000,4.652687160000
1373022605,59.000000000000,1.000000000000
1373068148,58.000000000000,0.013881720000
1373068148,57.900000000000,0.399230930000
1373068148,57.700000000000,1.540000000000
1373068148,57.670000000000,0.043900000000
1373068148,57.000000000000,0.100000000000
1373068148,55.000000000000,0.240000000000
1373068149,55.000000000000,0.218365190000
1373068149,52.500000000000,1.000000000000
1373068149,51.000000000000,0.132000000000
1373068149,50.000000000000,1.000000000000
1373068149,50.000000000000,0.999999990000
1373068174,50.000000000000,0.000000010000
1373068174,45.000000000000,0.099999990000
1373104291,50.000000000000,0.207827640000
1373104303,50.000000000000,0.207827650000
1373104319,50.000000000000,0.207827670000
1373104338,50.000000000000,0.100948280000
1373104451,50.000000000000,0.207827700000
1373104466,50.000000000000,0.067063650000
1373138371,50.000000000000,0.000677410000
1373138371,50.000000000000,1.000000000000
1373138371,51.000000000000,2.466774360000
1373138467,51.000000000000,0.533225640000
1373138467,52.990000000000,0.100000000000
1373138467,53.000000000000,2.000000000000
1373138467,53.000000000000,1.196743450000
1373138476,53.000000000000,0.010000000000
1373138485,53.000000000000,0.259990000000
1373138507,53.000000000000,2.878413220000
1373138601,53.000000000000,2.630139600000
1373138607,55.000000000000,1.000000000000
1373239074,56.000000000000,1.747535610000
1373240320,56.000000000000,0.252464390000
1373240414,56.000000000000,0.010255270000
1373240983,56.000000000000,0.010255270000
1373270042,60.000000000000,0.254228830000
1373292517,56.000000000000,1.471065610000
1373292517,56.000000000000,0.859587230000
1373292517,54.000000000000,0.669347160000
1373292721,55.000000000000,2.100100000000
1373292722,56.000000000000,0.499899990000
1373292742,56.000000000000,0.000000010000
1373292742,57.000000000000,1.000000000000
1373460992,58.000000000000,0.171170000000
1373460993,58.000000000000,1.112163330000
1373461015,58.000000000000,1.592145180000
1373461015,59.000000000000,0.100000000000
1373461015,60.000000000000,0.543210180000
1373461026,60.000000000000,2.230994130000
1373461496,60.000000000000,0.088548220000
1373461496,60.000000000000,2.137983920000
1373535179,60.000000000000,1.162877110000
1373535195,61.000000000000,0.100000000000
1373535196,61.500000000000,0.022079090000
1373535196,62.000000000000,0.529000330000
1373535196,63.500000000000,1.446325290000
1373574878,62.000000000000,0.500000000000
1373575118,57.000000000000,0.845815500000
1373575118,56.000000000000,0.647184500000
1373575131,62.000000000000,0.100000000000
1373575161,60.000000000000,0.250000000000
1373610785,60.000000000000,0.075344980000
1373611261,60.000000000000,0.472560000000
1373614655,60.000000000000,0.529485000000
1373617226,60.000000000000,0.262424020000
1373617266,60.000000000000,0.000000010000
1373617266,62.000000000000,0.315289990000
1373622660,62.000000000000,0.622835000000
1373628411,62.000000000000,0.447895010000
1373628423,63.500000000000,0.193674710000
1373628476,65.000000000000,0.136493440000
1373636236,65.000000000000,0.806469000000
1373639731,65.000000000000,0.914760000000
1373645067,65.000000000000,0.226615370000
1373652223,65.000000000000,0.415662190000
1373652287,67.000000000000,0.147450000000
1373654428,67.000000000000,0.852550000000
1373654472,72.000000000000,0.053930000000
1373706468,60.000000000000,1.000000000000
1373706510,65.000000000000,0.230000000000
1373706660,70.000000000000,0.500000000000
1373745149,70.000000000000,1.180401140000
1373745150,70.000000000000,0.819598860000
1373745216,67.000000000000,0.013974020000
1373745308,67.000000000000,0.986025980000
1373831763,70.000000000000,0.981428700000
1373839072,68.000000000000,2.200000000000
1373839072,67.000000000000,0.150000000000
1373839082,67.000000000000,4.514256300000
1373839082,70.000000000000,0.294312440000
1373839177,70.999999990000,0.250000000000
1373839395,70.990000000000,0.500000000000
1373842514,69.000000000000,0.039325880000
1373844870,69.000000000000,0.020868260000
1373881719,70.990000000000,0.500000000000
1373881720,70.999999990000,0.894251610000
1373881720,71.000000000000,1.000000000000
1373881720,71.100000000000,0.500000000000
1373881720,71.400000000000,0.020000000000
1373881804,70.000000000000,0.059261380000
1373881820,70.000000000000,0.540738620000
1373907460,71.000000000000,0.915000000000
1373972203,71.000000000000,2.085000000000
1373985111,72.000000000000,0.135410000000
1374086431,72.000000000000,0.138888870000
1374161509,70.000000000000,0.568857140000
1374162761,69.000000000000,0.939805860000
1374166523,68.000000000000,0.300000000000
1374166523,68.000000000000,0.300000000000
1374319601,72.000000000000,0.070921050000
1374319659,71.000000000000,0.100000000000
1374319673,71.000000000000,0.159323230000
1374319673,72.500000000000,0.180000000000
1374320893,71.000000000000,0.298444590000
1374331458,70.000000000000,0.340000000000
1374331458,69.000000000000,1.860000000000
1374391028,69.000000000000,1.000000000000
1374410000,69.000000000000,0.020109240000
1374410002,69.010000000000,0.019888670000
1374430300,69.000000000000,0.109890760000
1374499937,69.010000000000,1.608818540000
1374538314,69.010000000000,1.881292790000
1374544494,68.900000000000,6.369705310000
1374544494,68.990000000000,0.100000000000
1374544494,69.000000000000,1.465146730000
1374544501,69.000000000000,1.534853270000
1374607367,68.450000000000,0.300000000000
1374607367,68.000000000000,1.000000000000
1374663280,68.000000000000,3.700000000000
1374663280,68.100000000000,1.818356010000
1374687336,68.000000000000,5.515026470000
1374687336,69.000000000000,1.000000000000
1374687336,70.000000000000,1.000000000000
1374752403,70.000000000000,1.990000000000
1374752403,70.000000000000,5.008520580000
1374817146,70.000000000000,0.048091870000
1374950653,71.000000000000,1.018880370000
1374974643,70.000000000000,0.756211750000
1374990508,72.000000000000,0.030910260000
1375050826,72.000000000000,0.011883970000
1375051428,72.000000000000,0.018147350000
1375051446,72.000000000000,0.018147350000
1375051464,72.000000000000,0.012515900000
1375058918,72.000000000000,0.048395170000
1375058918,72.000000000000,0.409837330000
1375058919,72.510000000000,0.100000000000
1375062670,73.000000000000,0.120780000000
1375066104,73.000000000000,0.001220000000
1375066105,73.000000000000,0.012691860000
1375102328,70.010000000000,0.177458500000
1375102570,70.000000000000,1.000000000000
1375124430,72.000000000000,0.582831990000
1375124474,70.010000000000,0.125576990000
1375124501,69.000000000000,0.643991020000
1375128828,73.000000000000,0.000140520000
1375128828,73.000000000000,0.120000000000
1375175394,74.000000000000,0.113200000000
1375245515,75.000000000000,0.100000000000
1375245838,76.000000000000,0.390000000000
1375265115,73.000000000000,0.150000000000
1375284965,77.000000000000,0.160000000000
1375284985,79.000000000000,0.100000000000
1375285005,80.000000000000,0.141831430000
1375349042,79.000000000000,0.119150190000
1375411420,79.000000000000,0.288349820000
1375411420,80.000000000000,0.516575670000
1375411429,80.000000000000,0.803322850000
1375411441,80.000000000000,0.510000000000
1375417592,75.000000000000,0.624218490000
1375417592,74.500000000000,0.375781510000
1375499523,75.000000000000,0.203476830000
1375499548,75.000000000000,0.278881120000
1375539035,74.500000000000,0.484026500000
1375539202,74.000000000000,0.370000000000
1375590812,74.000000000000,0.630000000000
1375684513,74.000000000000,0.541089790000
1375686209,74.000000000000,0.848593320000
1375694012,72.500000000000,0.010500000000
1375694243,72.000000000000,0.020747380000
1375719175,74.000000000000,0.273775670000
1375736227,74.000000000000,6.800000000000
1375809725,74.000000000000,0.148533280000
1375824389,74.000000000000,0.758007940000
1375840772,75.000000000000,1.826911800000
1375850708,75.000000000000,0.690730250000
1375850715,76.000000000000,0.331270760000
1375907371,76.000000000000,0.028788140000
1376318510,75.499000000000,0.066524260000
1376409983,72.000111000000,0.030471150000
1376656429,75.990000000000,0.223823510000
1376656443,76.000000000000,0.814618770000
1376656452,76.000000000000,0.330840320000
1376656467,76.000000000000,0.010084190000
1376656474,76.000000000000,0.272160870000
1376656497,76.000000000000,0.212236950000
1376656521,77.000000000000,0.770284940000
1376656524,77.000000000000,0.010409790000
1376656541,77.000000000000,0.172043790000
1376656559,77.000000000000,0.029084960000
1376656579,77.000000000000,0.029084960000
1376656598,77.000000000000,0.029084950000
1376656617,77.000000000000,0.029084960000
1376656635,77.000000000000,0.029084950000
1376656655,77.000000000000,0.029084950000
1376656673,77.000000000000,0.029084960000
1376656692,77.000000000000,0.029084960000
1376656713,77.000000000000,0.029084960000
1376656731,77.000000000000,0.029084960000
1376656751,77.000000000000,0.029084950000
1376656781,77.000000000000,0.029084950000
1376656802,77.000000000000,0.018053890000
1376715050,76.990000000000,0.011352570000
1376718684,76.990000000000,0.015574150000
1376901313,77.000000000000,0.255468400000
1377061091,77.000000000000,0.017275660000
1377061107,78.000000000000,0.177990770000
1377094919,78.000000000000,0.084281180000
1377099662,78.000000000000,0.160447060000
1377106046,78.000000000000,0.347178460000
1377111302,78.000000000000,0.570102530000
1377112279,79.000000000000,0.078025750000
1377113973,79.000000000000,1.921974250000
1377113982,80.000000000000,1.170101480000
1377114070,81.000000000000,0.119737230000
1377367173,78.000000000000,0.050000000000
1377458712,81.000000000000,0.000262770000
1377458712,82.000000000000,0.100000000000
1377458712,82.300000000000,0.250000000000
1377458789,83.000000000000,0.100000000000
1377464535,84.000000000000,0.238000000000
1377627365,85.000000000000,0.415519140000
1377777922,85.000000000000,0.084480860000
1377777923,86.000000000000,0.091499980000
1377777923,87.000000000000,0.110000000000
1377777923,88.000000000000,0.400000000000
1377777923,89.000000000000,0.100000000000
1377896296,90.000000000000,0.100000000000
1377896296,91.000000000000,0.177336600000
1377958619,85.000000000000,0.044481260000
1377969814,91.000000000000,0.072663400000
1377969827,95.000000000000,1.000000000000
1377969846,100.000000000000,0.216358290000
1378055912,98.000000000000,0.143693590000
1378057556,98.800000000000,0.093406220000
1378057556,98.900000000000,0.050000000000
1378057556,99.000000000000,0.500000000000
1378068707,99.000000000000,0.012379920000
1378069933,99.000000000000,0.010927840000
1378074456,99.990000000000,0.101010100000
1378075867,99.000000000000,0.060480310000
1378094106,99.000000000000,0.012662140000
1378105515,99.000000000000,0.016697030000
1378105605,99.000000000000,0.114824070000
1378105680,99.990000000000,0.165407790000
1378105703,99.000000000000,0.279671410000
1378105713,99.000000000000,0.100000000000
1378105723,99.990000000000,0.375160470000
1378105770,99.000000000000,0.500000000000
1378105783,99.990000000000,0.250000000000
1378105793,99.990000000000,0.200000000000
1378105839,99.000000000000,0.010836700000
1378105988,99.100000000000,0.342615070000
1378106007,99.100000000000,0.027562270000
1378106022,99.100000000000,0.634739440000
1378111014,99.200000000000,0.076832020000
1378111038,99.200000000000,0.104674530000
1378111096,99.200000000000,0.018308520000
1378210459,99.200000000000,0.000184930000
1378239624,99.100000000000,0.094262100000
1378247171,99.000000000000,1.881520580000
1378247171,99.000000000000,2.515150000000
1378287636,98.000000000000,0.001451450000
1378287636,98.000000000000,0.286099640000
1378287637,98.000000000000,0.217992180000
1378287663,98.500000000000,0.217615840000
1378287788,97.500000000000,0.020665490000
1378287819,97.500000000000,0.074202320000
1378287820,97.500000000000,0.000749520000
1378295685,97.490000000000,0.163684910000
1378295704,97.490000000000,0.219385540000
1378295704,97.500000000000,0.074202310000
1378295723,97.500000000000,0.000000010000
1378295724,97.500000000000,0.100000000000
1378301623,97.500000000000,0.100000000000
1378301729,97.250000000000,0.208718830000
1378301901,97.250000000000,0.121281170000
1378310086,98.000000000000,0.473012180000
1378314735,97.100000000000,0.010000000000
1378314735,97.000000000000,0.100000000000
1378314735,97.000000000000,0.250000000000
1378314735,97.000000000000,0.050919730000
1378314744,97.000000000000,0.097919050000
1378314774,97.000000000000,0.290741360000
1378315759,97.000000000000,0.389184050000
1378315853,97.000000000000,0.171235810000
1378315893,96.500000000000,0.300000000000
1378315894,96.500000000000,0.331235820000
1378315934,96.000000000000,0.100000000000
1378315971,95.700000000000,0.050767850000
1378316012,95.700000000000,0.149232150000
1378316045,95.500000000000,0.100000000000
1378316246,95.000000000000,0.067896280000
1378316286,95.000000000000,0.032103720000
1378316286,95.000000000000,0.067984230000
1378316326,95.000000000000,0.400914050000
1378316362,95.000000000000,0.201455540000
1378320061,95.000000000000,0.375769210000
1378320367,95.000000000000,0.953876970000
1378320367,95.000000000000,0.781878840000
1378320494,94.560000000000,0.259244190000
1378322522,94.560000000000,0.679602810000
1378323436,94.000000000000,0.010927600000
1378323749,94.000000000000,0.989072400000
1378344761,93.010000000000,0.563864090000
1378344791,93.000000000000,0.121803460000
1378349257,93.000000000000,0.078196540000
1378349257,93.000000000000,1.000000000000
1378349434,92.000000000000,0.100000000000
1378477681,92.000000000000,0.013189030000
1378556215,92.000000000000,0.025445010000
1378556238,92.000000000000,0.088518260000
1378579709,92.000000000000,0.543478250000
1378579715,92.000000000000,0.222558490000
1378624480,92.000000000000,0.541946170000
1378674482,91.000000000000,0.100000000000
1378727208,90.500000000000,0.500000000000
1378727232,90.000000000000,0.466098410000
1378733123,90.000000000000,0.033901590000
1378733492,90.000000000000,0.881847510000
1378733519,90.000000000000,0.039411290000
1378734310,91.000000000000,0.919416290000
1378734331,90.000000000000,0.750000000000
1378734338,90.000000000000,0.162074530000
1378734339,90.000000000000,0.754002930000
1378734360,91.000000000000,0.500000000000
1378734385,91.000000000000,0.414245320000
1378746099,91.800000000000,0.428739840000
1378753424,91.800000000000,0.070260160000
1378768681,91.000000000000,1.150519440000
1378768696,91.000000000000,0.849480560000
1378768704,92.000000000000,0.258383800000
1378768705,92.000000000000,0.413416830000
1378768717,92.750000000000,0.766391420000
1378773129,93.000000000000,0.311578590000
1378813691,93.000000000000,0.020055790000
1378819313,93.000000000000,0.668365620000
1378819313,93.000000000000,0.659169030000
1378837869,93.000000000000,0.013692560000
1378837887,93.000000000000,0.083922140000
1378911974,93.000000000000,0.041851600000
1378912162,93.000000000000,0.416369890000
1378959489,93.000000000000,0.056955750000
1378972137,92.000000000000,0.131168390000
1378972137,92.000000000000,0.221077270000
1378978984,93.000000000000,0.728039030000
1378979044,93.500000000000,0.300000000000
1378979060,94.000000000000,0.545654670000
1379003274,95.000000000000,0.562977000000
1379048233,95.000000000000,0.060412280000
1379052026,95.000000000000,0.041564260000
1379052133,95.000000000000,0.100325260000
1379052223,95.000000000000,0.199600000000
1379062401,95.000000000000,0.994947350000
1379191723,95.000000000000,0.040173850000
1379191761,95.500000000000,0.500000000000
1379191762,95.500000000000,0.152982740000
1379268297,95.000000000000,0.048000000000
1379270906,95.000000000000,0.046721620000
1379343288,95.000000000000,0.075704650000
1379343591,95.500000000000,0.075000000000
1379422588,95.500000000000,0.050829970000
1379434828,95.000000000000,0.010000000000
1379473391,95.500000000000,0.546250720000
1379496396,95.900000000000,0.100000000000
1379496397,95.990000000000,0.250000000000
1379496405,96.000000000000,0.045716130000
1379498373,96.000000000000,0.020290000000
1379531258,96.000000000000,0.022832790000
1379603072,95.000000000000,0.014773870000
1379603073,95.000000000000,0.065575110000
1379697583,95.000000000000,0.934424890000
1379697606,95.000000000000,0.024528230000
1379697784,94.750000000000,0.169343050000
1379697917,94.750000000000,0.272143080000
1379762496,94.750000000000,0.059833130000
1379781269,94.750000000000,0.218098600000
1379795217,94.500000000000,0.110886170000
1379834310,94.500000000000,0.109780000000
1379839714,94.750000000000,1.963060680000
1379858545,94.500000000000,0.121970820000
1379880666,94.750000000000,0.198020050000
1379880695,94.750000000000,0.196966750000
1379880718,94.750000000000,0.979567280000
1379915265,94.500000000000,0.907363010000
1379925969,94.000000000000,0.100718490000
1379934605,94.750000000000,0.061896650000
1380016505,94.000000000000,0.999500000000
1380032590,94.000000000000,0.399781510000
1380032640,93.000000000000,0.409303340000
1380032641,93.000000000000,1.002001720000
1380033583,92.700000000000,1.507638090000
1380033697,92.500000000000,0.202293650000
1380033714,92.500000000000,0.199168430000
1380033749,92.500000000000,0.079002410000
1380046375,92.010000000000,0.930054480000
1380046375,92.000000000000,0.093258110000
1380046375,92.000000000000,2.000000000000
1380055895,94.000000000000,1.000000000000
1380055954,95.000000000000,0.011170530000
1380145839,95.000000000000,0.024101900000
1380145859,95.000000000000,0.014727570000
1380145877,95.099900000000,0.040000000000
1380145895,95.100000000000,0.020000000000
1380150154,95.400000000000,0.761285850000
1380151232,95.400000000000,0.270216960000
1380151232,95.490000000000,0.034439850000
1380151328,95.490000000000,0.305560150000
1380151328,95.500000000000,0.217662420000
1380151329,95.600000000000,0.604479510000
1380151378,95.600000000000,0.055520490000
1380151393,95.669000000000,0.057761860000
1380151600,95.669000000000,0.021798580000
1380151600,95.994000000000,0.345000000000
1380151600,96.000000000000,0.196876640000
1380151600,96.010000000000,0.010000000000
1380151601,96.090000000000,0.199348500000
1380217551,95.000000000000,0.839495000000
1380217565,94.500000000000,0.494709000000
1380217573,94.400000000000,0.299141940000
1380217584,94.130000000000,0.201965370000
1380217626,94.000000000000,0.659688690000
1380288526,95.000000000000,0.050763860000
1380290753,94.900000000000,0.188242360000
1380308840,94.800000000000,0.392418470000
1380339409,94.800000000000,0.348402260000
1380348593,95.000000000000,0.757642610000
1380348599,95.950000000000,0.695561090000
1380355009,94.010000000000,0.642935810000
1380355010,94.000000000000,0.333715560000
1380356069,94.000000000000,0.047448640000
1380372859,94.000000000000,0.219496550000
1380462440,94.990000000000,0.059747950000
1380462743,94.990000000000,0.050000000000
1380486532,94.100000000000,0.010000000000
1380487746,94.100000000000,0.100564370000
1380487746,94.010000000000,0.398348870000
1380487746,94.010000000000,0.431226620000
1380487747,94.000000000000,0.544674670000
1380487747,93.690000000000,0.385897780000
1380487747,93.000000000000,0.620119120000
1380487747,92.010000000000,0.767947080000
1380572885,92.010000000000,0.011825830000
1380653998,93.000000000000,1.085000000000
1380654009,93.900000000000,2.056755000000
1380660730,92.010000000000,0.168180390000
1380721039,93.900000000000,1.119855610000
1380736038,92.010000000000,0.047895340000
1380736145,92.000000000000,0.404347830000
1380736165,91.500000000000,0.905792350000
1380736172,91.200000000000,0.100000000000
1380736178,90.500000000000,1.000000000000
1380736192,90.000000000000,0.245997070000
1380736192,90.000000000000,2.739514920000
1380736325,90.000000000000,0.150292480000
1380736332,89.000000000000,1.000000000000
1380738186,88.000000000000,2.009000000000
1380739357,88.000000000000,0.334859920000
1380739392,88.000000000000,0.000000010000
1380739392,87.000000000000,3.000000000000
1380739412,86.000000000000,0.200000000000
1380739453,85.000000000000,0.205518740000
1380752874,80.100000000000,3.700000000000
1380752897,80.010000000000,0.871394570000
1380752904,80.000000000000,1.000000000000
1380753065,79.000000000000,0.250000000000
1380761104,78.000000000000,1.924358970000
1380762946,77.000000000000,0.920510270000
1380767616,79.000000000000,1.008640110000
1380771238,79.000000000000,0.343949280000
1380791134,79.000000000000,0.567759800000
1380824284,85.000000000000,1.000000000000
1380824322,86.000000000000,0.250000000000
1380824520,87.500000000000,5.605000000000
1380827462,87.500000000000,4.176465770000
1380828292,87.500000000000,0.218534230000
1380828297,90.000000000000,2.134936410000
1380828297,90.000000000000,1.750000000000
1380848665,93.800000000000,2.136995750000
1380848665,93.900000000000,0.323389390000
1380848665,94.500000000000,1.657933470000
1380848666,94.990000000000,0.950000000000
1380848666,96.000000000000,1.000000000000
1380876950,84.400000000000,0.200000000000
1380882415,94.990000000000,0.208035160000
1380882415,95.000000000000,1.480000000000
1380905029,94.990000000000,0.051000000000
1380905226,94.990000000000,0.055000000000
1380905406,94.990000000000,0.057000000000
1380905599,94.990000000000,0.060000000000
1380905796,94.990000000000,0.060000000000
1380905948,94.990000000000,0.060000000000
1380906131,94.990000000000,0.063000000000
1380906312,94.990000000000,0.068000000000
1380906463,94.990000000000,0.070000000000
1381254528,93.830000000000,0.412154960000
1381259866,93.830000000000,1.489000000000
1381290281,93.830000000000,0.608845030000
1381311183,93.830000000000,0.000000010000
1381311214,95.000000000000,0.588294740000
1381377279,95.000000000000,0.305387300000
1381386997,95.000000000000,0.563082520000
1381405937,95.000000000000,1.543235440000
1381410588,95.000000000000,0.916764560000
1381588793,96.100000000000,0.020397490000
1381735480,96.100000000000,0.029602510000
1381735480,96.400000000000,0.090000000000
1381735481,96.440000000000,0.100000000000
1381735481,96.600000000000,0.100000000000
1381735481,96.700000000000,0.304568500000
1381735481,96.889000000000,0.133876620000
1381735482,97.000000000000,0.299999990000
1381746598,96.500000000000,0.067000000000
1381753279,99.100000000000,0.120000000000
1381753284,99.400000000000,0.250000000000
1381753313,99.500000000000,0.500000000000
1381753322,99.600000000000,0.100000000000
1381754454,99.700000000000,0.025556660000
1381841417,99.700000000000,0.074443340000
1381842547,99.800000000000,0.073294460000
1381848637,99.800000000000,0.022597310000
1381850871,99.800000000000,0.004108230000
1381862225,99.801000000000,0.095000000000
1381862316,99.801000000000,0.100000000000
1381862433,99.801000000000,0.005431500000
1381862433,99.900000000000,0.094568500000
1381863488,99.900000000000,0.005431500000
1381863488,100.000000000000,0.033641710000
1381863488,100.000000000000,0.068926790000
1381936908,100.000000000000,0.231073210000
1381936915,101.000000000000,0.100000000000
1381936920,102.000000000000,0.100000000000
1381936929,103.000000000000,0.100000000000
1381937821,104.000000000000,0.100000000000
1381937831,105.000000000000,0.100000000000
1381937865,106.000000000000,0.100000000000
1381937872,107.000000000000,0.100000000000
1381937877,108.000000000000,0.100000000000
1381937884,109.000000000000,0.020116320000
1382160034,109.000000000000,0.165380450000
1382160059,110.000000000000,0.045448900000
1382187747,102.000000000000,0.090000000000
1382265918,117.000000000000,0.100000000000
1382277483,117.000000000000,0.122400010000
1382599241,135.000000000000,0.010000000000
1382637876,135.000000000000,0.149116410000
1382978001,133.694000000000,0.010000000000
1382978001,134.980000000000,0.062000000000
1382978107,134.980000000000,0.075000000000
1382978238,134.980000000000,0.036311900000
1382978291,134.990000000000,0.010000000000
1382978291,134.990000000000,0.025800000000
1383033298,134.989999990000,0.018721630000
1383037384,134.989999990000,1.459368090000
1383048684,134.989999990000,0.521910270000
1383048704,134.989999990000,0.000000010000
1383048704,134.990000000000,0.035464330000
1383066528,134.990000000000,0.001735670000
1383436521,147.000000000000,0.214708200000
1383436536,147.000000000000,0.216366290000
1383436551,147.000000000000,0.163136710000
1383436702,147.000000000000,0.219297000000
1383436716,147.000000000000,0.220990520000
1383436730,147.000000000000,0.222697120000
1383436745,147.000000000000,0.224416900000
1383436780,147.000000000000,0.226149960000
1383436794,147.000000000000,0.063655350000
1383436809,147.000000000000,0.228387970000
1383436823,147.000000000000,0.010184410000
1383437171,147.000000000000,0.119967830000
1383437870,147.000000000000,0.229405210000
1383437886,147.000000000000,0.077945410000
1383438215,147.000000000000,0.231434590000
1383438229,147.000000000000,0.232962710000
1383438243,147.000000000000,0.234500920000
1383438258,147.000000000000,0.098000470000
1383476252,147.000000000000,0.188810050000
1383476703,147.000000000000,0.131555630000
1383476717,147.000000000000,0.062976660000
1383476830,147.000000000000,0.175050420000
1383476963,147.000000000000,0.068832400000
1383476977,147.000000000000,0.138567270000
1383488166,147.000000000000,0.100000000000
1383488461,146.000000000000,0.100000000000
1383488810,145.000000000000,0.100000000000
1383489465,137.510000000000,0.359950000000
1383489928,130.000000000000,0.100000000000
1383514524,151.000000000000,0.010000000000
1383514544,151.000000000000,0.010000000000
1383514565,151.000000000000,0.010000000000
1383514685,151.000000000000,0.010000000000
1383514806,151.000000000000,0.010000000000
1383514904,151.000000000000,0.010000000000
1383514925,151.000000000000,0.010000000000
1383515005,151.000000000000,0.010000000000
1383515045,151.000000000000,0.010000000000
1383515165,151.000000000000,0.010000000000
1383515559,155.000000000000,0.010000000000
1383515559,155.000000000000,0.081800000000
1383516920,151.000000000000,0.140000000000
1383517132,151.000000000000,0.200000000000
1383517585,151.000000000000,0.132600000000
1383517831,151.000000000000,0.250000000000
1383543959,155.000000000000,1.530964470000
1383574166,155.000000000000,0.064008140000
1383574443,155.000000000000,0.063870970000
1383574670,155.000000000000,0.064509670000
1383579087,155.000000000000,1.906484510000
1383582512,151.000000000000,0.279147720000
1383582527,151.000000000000,0.077957710000
1383582544,151.000000000000,0.143492280000
1383582560,151.000000000000,0.141342290000
1383582577,151.000000000000,0.142005870000
1383582592,151.000000000000,0.285338890000
1383582605,151.000000000000,0.010000000000
1383582638,151.000000000000,0.010000000000
1383582669,151.000000000000,0.010000000000
1383582694,151.000000000000,0.187608990000
1383599752,162.000000000000,0.135107790000
1383599762,162.000000000000,0.010000000000
1383600613,162.000000000000,0.013375670000
1383717357,250.000000000000,0.024000000000
1383769559,186.000000000000,0.034330000000
1383769569,186.000000000000,0.034335400000
1383770310,186.000000000000,0.080980820000
1383770325,186.000000000000,0.102250520000
1383821735,214.000000000000,0.040563820000
1383821748,214.000000000000,0.013709660000
1383821765,214.000000000000,0.114715410000
1383821779,214.000000000000,0.011518360000
1383821992,214.000000000000,0.004532750000
1383835809,207.000000010000,0.042786600000
1383840382,207.000000010000,0.024151050000
1383840389,207.000000010000,0.025848950000
1383840448,207.000000000000,0.050000000000
1383840479,207.000000000000,0.050000000000
1383840723,207.000000000000,0.089607590000
1383850900,207.000000010000,0.032590000000
1383850945,207.000000010000,0.017400000000
1383861369,207.000000010000,0.050000000000
1383866410,207.000000000000,0.040390000000
1383878599,207.000000000000,0.000002410000
1383925897,230.000000000000,0.044574910000
1383925913,230.000000000000,0.019568860000
1383925928,230.000000000000,0.017915400000
1383925934,230.000000000000,0.017910000000
1383930001,230.000000000000,0.053898260000
1383930013,230.000000000000,0.053890000000
1383952881,279.999999990000,0.044100000000
1384060654,250.000000010000,0.031525210000
1384061719,250.000000010000,0.018474790000
1384061719,250.000000000000,2.290171230000
1384061838,250.000000000000,0.159828770000
1384155608,239.999999990000,0.050000000000
1384155608,240.000000000000,0.887105110000
1384180263,259.990000000000,0.010000000000
1384180263,260.000000000000,0.023257820000
1384180285,265.000000000000,0.022225340000
1384180303,265.000000000000,0.037044830000
1384180322,265.000000000000,0.051931960000
1384185629,265.000000000000,0.229750050000
1384197188,201.144300010000,0.050000000000
1384227709,250.000000000000,1.195379080000
1384232447,250.000000000000,0.243047980000
1384291586,256.000000000000,0.010000000000
1384358003,269.999999990000,0.021593550000
1384361492,269.999999990000,0.028406450000
1384361503,270.000000000000,0.096635500000
1384364090,270.000000000000,0.897746500000
1384365069,278.000000000000,0.500000000000
1384365069,280.000000000000,0.515329120000
1384367361,280.000000000000,0.572821430000
1384367909,280.000000000000,0.017467450000
1384367921,289.000000000000,0.025396810000
1384367936,289.000000000000,0.025951200000
1384367942,289.000000000000,0.025950000000
1384367951,289.000000000000,0.030517400000
1384367966,289.000000000000,0.025082230000
1384367981,289.000000000000,0.035239060000
1384445635,300.000000000000,0.242416250000
1384516874,299.999999990000,0.026197500000
1384516893,299.999999990000,0.023802500000
1384539170,300.000000000000,0.007583760000
1384539483,350.000000000000,0.036300000000
1384543202,318.000000000000,0.300000000000
1384589013,318.000000000000,0.568505200000
1384745392,349.999000000000,0.020660000000
1384745640,350.000000000000,0.880000000000
1384759220,349.999000000000,0.073000000000
1384771558,350.000000000000,0.083700000000
1384772199,399.999999990000,0.030712490000
1384781432,399.999999990000,0.019287510000
1384781491,400.000000000000,0.200987480000
1384784876,400.000000000000,0.240000000000
1384788882,390.000000000000,0.036870000000
1384793023,390.000000010000,0.048058070000
1384795287,395.000000000000,0.040165200000
1384795775,400.000000000000,0.059012520000
1384797237,402.000000000000,0.059941020000
1384798447,410.000000000000,0.096590500000
1384799680,410.000000000000,0.052618160000
1384799699,410.000000000000,0.151673620000
1384799699,430.000000000000,0.229930000000
1384805844,440.000000010000,0.010000000000
1384805873,440.000000000000,0.510376760000
1384806901,440.000000000000,0.441393890000
1384807741,442.999999990000,0.010000000000
1384807742,443.000000000000,0.420000000000
1384809917,450.000000000000,0.084484080000
1384812817,450.000000000000,0.915515920000
1384816729,475.000000000000,0.250000000000
1384899321,450.403900010000,0.050000000000
1384899358,450.403900000000,0.155996040000
1384899846,450.403900000000,0.107760820000
1384900550,450.403900000000,0.015000000000
1384910245,450.403900000000,0.217135180000
1384910245,450.403900000000,0.014969990000
1384910770,390.000000000000,0.758001800000
1384936303,380.000000000000,0.202671400000
1384937944,380.000000000000,1.204672290000
1384937959,380.000000000000,0.000000010000
1384937959,370.000000000000,0.804327700000
1384941690,370.000000000000,0.060537160000
1384941751,360.000000000000,0.277777770000
1385036824,441.000000010000,0.034863380000
1385036849,441.000000010000,0.015136620000
1385036872,441.000000000000,0.026853140000
1385060632,604.402999990000,0.050000000000
1385060773,500.000000010000,0.050000000000
1385060773,500.000000000000,0.310935460000
1385116105,604.402999990000,0.050000000000
1385116105,604.403000000000,0.060460690000
1385116106,604.403900000000,0.010000000000
1385149084,360.000000010000,0.050000000000
1385149107,360.000000010000,0.047820830000
1385149139,360.000000010000,0.069418510000
1385149158,360.000000010000,0.137745210000
1385149180,360.000000010000,0.049532570000
1385149199,360.000000010000,0.115189530000
1385149205,360.000000010000,0.017989300000
1385149429,568.999999990000,0.050000000000
1385149429,569.000000000000,0.250000000000
1385152885,568.999999990000,0.016000000000
1385210314,587.000000010000,0.050000000000
1385213373,587.000000010000,0.003694070000
1385228227,608.499999990000,0.050000000000
1385228227,608.500000000000,0.004147360000
1385232820,608.000000000000,0.211000000000
1385234733,608.000000000000,0.022495890000
1385286371,589.000000030000,0.023442750000
1385288079,589.000000030000,0.026557250000
1385288160,589.000000020000,0.027785240000
1385288385,589.000000030000,0.050000000000
1385291471,589.000000020000,0.019959990000
1385291821,589.000000020000,0.013666690000
1385321387,589.000000020000,0.000505790000
1385329388,612.000000000000,0.280437890000
1385503435,654.999999990000,0.035500000000
1385505043,654.999999990000,0.014500000000
1385505074,654.999999990000,0.014734700000
1385505240,655.000000000000,0.232268700000
1385510934,655.000000000000,0.054281650000
1385552698,654.999999990000,0.050000000000
1385553137,655.000000000000,1.386757280000
1385553636,655.000000000000,0.100700000000
1385640441,849.999999990000,0.015422140000
1385645908,849.999999990000,0.014500000000
1385652070,680.000000000000,0.034125950000
1385654357,680.000000000000,0.145388290000
1385655811,680.000000000000,0.006000000000
1385679428,899.989999990000,0.014597570000
1385684190,899.989999990000,0.016633500000
1385751696,778.999999990000,0.039740640000
1385761153,575.000000000000,0.035000000000
1385762359,775.000000000000,0.012000000000
1385762359,775.000000000000,0.012950000000
1385778245,769.903124000000,0.100000000000
1385821653,779.000000000000,0.022000000000
1385919471,779.000000000000,0.003417200000
1385924473,769.903124000000,0.000700000000
1385927074,631.000000000000,0.045000000000
1385931188,608.000000000000,0.054300000000
1385931772,485.444000000000,0.038484640000
1385980004,745.000000000000,0.036000000000
1385980566,745.000000000000,0.100000000000
1385996307,745.000000010000,0.050000000000
1385996307,745.000000000000,0.010000000000
1385998685,849.999999990000,0.050000000000
1386003476,849.999999990000,0.007000000000
1386003476,745.000000000000,0.004000000000
1386091443,780.000000000000,0.021629000000
1386110196,780.000000000000,0.007784300000
1386118123,780.000000000000,0.041215700000
1386185796,830.000000000000,0.013191700000
1386188007,830.000000000000,0.010070000000
1386188700,830.000000000000,0.010070000000
1386189410,830.000000000000,0.010070000000
1386233750,594.000000000000,0.500000000000
1386261085,760.000000000000,0.017288250000
1386261648,830.000000000000,0.029025250000
1386261669,850.000000000000,0.020000000000
1386295225,770.000000000000,0.062400000000
1386295924,770.000000000000,0.046000000000
1386305285,770.000000000000,0.033900000000
1386306008,770.000000000000,0.024900000000
1386306725,770.000000000000,0.018200000000
1386307445,770.000000000000,0.013500000000
1386308164,770.000000000000,0.010000000000
1386339843,770.000000000000,0.010000000000
1386340565,770.000000000000,0.010000000000
1386346807,770.000000000000,0.010100000000
1386347816,701.000000000000,0.011071950000
1386348499,701.000000000000,0.042797500000
1386348793,701.000000000000,0.029923820000
1386349221,701.000000000000,0.028397400000
1386349991,701.000000000000,0.013191700000
1386350427,650.000000000000,0.030000000000
1386350644,650.000000000000,0.010070000000
1386350676,650.000000000000,0.012184600000
1386350895,665.000000000000,0.110000000000
1386356437,680.000000000000,0.011060000000
1386380441,680.000000000000,0.000587060000
1386380441,665.000000000000,0.277199180000
1386380479,665.000000000000,0.000000010000
1386380479,641.000000000000,0.026669500000
1386380510,600.000000000000,0.019700000000
1386380884,600.000000000000,0.025517380000
1386381638,590.000000000000,0.028700000000
1386382326,590.000000000000,0.020300000000
1386395300,590.000000000000,0.014700000000
1386396107,590.000000000000,0.010400000000
1386399077,590.000000000000,0.001511170000
1386401786,500.000000000000,0.010000000000
1386418365,600.000000000000,0.001152130000
1386446553,719.999999000000,0.012490000000
1386534260,698.999999000000,0.010000000000
1386534760,698.999999000000,0.013192870000
1386535148,500.100001000000,0.010803620000
1386569546,660.110001000000,0.067922150000
1386571041,660.110001000000,0.003077850000
1386571041,660.110001000000,0.018643140000
1386579628,655.110000000000,0.014601500000
1386589974,655.110000000000,0.000663110000
1386589974,655.110001000000,0.080000000000
1386597402,660.110001000000,0.000989520000
1386597402,698.999999000000,0.036807130000
1386609463,663.863596930000,0.019112860000
1386619444,830.000000000000,0.027459290000
1386672356,750.000000000000,0.351778550000
1386681031,789.000000000000,0.127325420000
1386681134,789.000000000000,0.010140000000
1386716591,705.000000000000,0.100000000000
1386758015,750.000000000000,0.118048850000
1386758044,750.000000000000,0.072835260000
1386758553,661.000001000000,0.194912100000
1386759129,631.000000000000,0.040000000000
1386759622,631.000000000000,0.026125820000
1388082000,575.000000000000,0.040000000000
1388082923,575.000000000000,0.050000000000
1388084075,575.000000000000,0.010000000000
1388084404,575.000000000000,0.010000000000
1388084406,575.000000000000,0.010000000000
1388085118,575.000000000000,0.010000000000
1386767179,631.000000000000,0.001210540000
1388085834,575.000000000000,0.010000000000
1386768633,750.000000000000,0.069500000000
1388097164,595.000000000000,0.051268880000
1388097263,595.000000000000,0.080672280000
1388148120,525.000000000000,0.016966510000
1388122091,594.999000000000,0.010000000000
1388122114,594.999000000000,0.060414150000
1388123022,594.999000000000,0.016800000000
1388123025,594.999000000000,0.016800000000
1388123027,594.999000000000,0.010000000000
1388123085,594.999000000000,0.016800000000
1388123088,594.999000000000,0.016800000000
1388123447,594.999000000000,0.012200000000
1388123450,594.999000000000,0.012200000000
1388123511,594.999000000000,0.012200000000
1388123513,594.999000000000,0.012200000000
1388124380,594.999000000000,0.010000000000
1388124383,594.999000000000,0.010000000000
1388124444,594.999000000000,0.010000000000
1388124446,594.999000000000,0.010000000000
1388124897,594.999000000000,0.010000000000
1388124899,594.999000000000,0.010000000000
1388124960,594.999000000000,0.010000000000
1388124963,594.999000000000,0.010000000000
1388125704,594.999000000000,0.010000000000
1388125706,594.999000000000,0.010000000000
1388125767,594.999000000000,0.010000000000
1388125770,594.999000000000,0.010000000000
1388132252,594.999000000000,0.173585850000
1388134395,575.000000000000,0.001000000000
1388156033,595.000000000000,0.080700000000
1386856575,721.000000000000,0.070316780000
1386856860,721.000000000000,0.055000000000
1388160679,595.000000000000,0.017706910000
1388160699,595.000000000000,0.017920290000
1388160713,595.000000000000,0.041206560000
1386874255,640.000000000000,0.015293770000
1386874284,640.000000000000,0.041382080000
1388171498,525.000000000000,0.010000000000
1386879645,718.000000000000,0.027308440000
1386879672,718.000000000000,0.034658490000
1386879694,718.000000000000,0.022356120000
1386879720,718.000000000000,0.064059190000
1386879751,720.000000000000,0.040000000000
1386879751,720.000000000000,0.001943070000
1386879776,720.000000000000,0.020183170000
1386886733,640.000000000000,0.034826670000
1386886758,640.000000000000,0.048582830000
1388234254,530.000000000000,0.030000000000
1386954813,651.000000000000,0.015500000000
1386957654,651.000000000000,0.011300000000
1386958281,651.000000000000,0.063987640000
1388240104,594.000000000000,0.064000000000
1388240268,595.000000000000,0.016976370000
1388313753,536.000000000000,0.012157040000
1388292415,536.000000000000,0.010000000000
1388292700,594.900000000000,0.010000000000
1387031739,640.000000000000,0.140502030000
1387032163,640.000000000000,0.034497970000
1387047672,639.000000000000,0.010050040000
1387048384,639.000000000000,0.161644000000
1387049830,639.000000000000,0.113753200000
1387050557,639.000000000000,0.080721600000
1387062087,639.000000000000,0.056726000000
1387062788,639.000000000000,0.039758400000
1387065672,639.000000000000,0.027911200000
1388347296,550.000000000000,0.116782960000
1387085855,630.000000000000,0.090000000000
1387103347,630.000000000000,0.010000000000
1387124025,639.000000000000,0.048292400000
1388429203,540.100000000000,0.022790800000
1387131201,620.000000000000,0.020541840000
1388430969,540.100000000000,0.047657840000
1388431371,540.100000000000,0.016064000000
1387139203,620.000000000000,0.002191790000
1387139863,639.000000000000,0.027710400000
1387140569,639.000000000000,0.019578000000
1388432082,540.100000000000,0.011345200000
1387142000,639.000000000000,0.013754800000
1388432809,540.100000000000,0.010040000000
1387149198,639.000000000000,0.010040000000
1388433530,540.100000000000,0.010040000000
1387149922,639.000000000000,0.010040000000
1387150622,639.000000000000,0.010040000000
1388410589,540.100000000000,0.019921220000
1388419114,540.100000000000,0.050078780000
1388419117,540.100000000000,0.268168400000
1387175619,639.000000000000,0.267579780000
1388419495,540.000000000000,0.045719980000
1388443030,540.100000000000,0.029380100000
1388420567,540.100000000000,0.188551200000
1387178688,620.000000000000,0.280000000000
1388421296,540.100000000000,0.132628400000
1388422736,540.100000000000,0.093070800000
1388424882,540.100000000000,0.065460800000
1388425607,540.100000000000,0.046083600000
1388425778,535.000000000000,0.140000000000
1388427034,540.100000000000,0.032429200000
1388428688,540.100000000000,0.020500000000
1387203888,620.000000000000,0.101480000000
1387204685,620.000000000000,0.039170000000
1387204865,650.000000000000,0.012268360000
1387205390,650.000000000000,0.025810000000
1387206064,650.000000000000,0.071470000000
1387215629,650.000000000000,0.007939910000
1387215629,620.000000000000,0.004350000000
1387216435,571.000000000000,0.012360000000
1387223329,550.000002000000,0.016360000000
1387252087,500.100003000000,0.056600000000
1387254272,500.100003000000,0.018360000000
1387257875,500.100000000000,0.023040000000
1387326282,503.100001000000,0.019876740000
1387326319,503.100001000000,0.000000010000
1387326319,503.100000000000,0.088537330000
1387326319,500.100000000000,0.002560000000
1387326320,500.000000000000,0.002500000000
1387326320,500.000000000000,0.012611160000
1387331332,500.000000000000,0.266000000000
1387346573,500.000000000000,0.001813130000
1387346573,445.000000000000,0.010000000000
1387347021,421.000000000000,0.220000000000
1387347021,420.000000000000,0.089989570000
1387354339,420.000000000000,0.337158450000
1387356414,420.000000000000,0.001677670000
1387356414,400.105920000000,0.010006940000
1387454306,599.900000000000,0.020474610000
1387454333,599.900000000000,0.023842600000
1387454365,599.900000000000,0.023895280000
1387454382,599.900000000000,0.079529760000
1387456622,599.900000000000,0.024500000000
1387535234,599.900000000000,0.017757750000
1387535234,599.900000000000,0.014742250000
1387580475,470.000000000000,0.050000000000
1387617595,594.999999000000,0.013461580000
1387617618,595.000000000000,0.110000000000
1387639684,500.000000000000,0.200783960000
1387713389,525.100000000000,0.030000000000
1387713795,525.100000000000,0.025000000000
1387714214,525.100000000000,0.031131660000
1387721003,525.100000000000,0.036307650000
1387726189,525.100000000000,0.090500000000
1387789840,514.899000000000,0.020000000000
1387791047,451.210000000000,0.028628080000
1387819383,500.000000000000,0.090000000000
1387819427,500.000000000000,0.008000000000
1387822342,510.898000000000,0.093536060000
1387822619,510.898000000000,0.006463940000
1387823462,510.899000000000,0.090000000000
1387823712,510.899000000000,0.043000000000
1387823990,510.899000000000,0.040000000000
1387856811,476.999996000000,0.072000000000
1387873069,599.899994000000,0.020710940000
1387887611,480.000000000000,0.101435000000
1387887626,476.999996000000,0.112924020000
1387893865,505.000000000000,0.787049990000
1387919676,462.100000000000,0.010000000000
1387923504,494.000000000000,0.010000000000
1387923504,495.000000000000,0.037981400000
1387923563,462.200000000000,0.010000000000
1387929083,463.000000000000,0.012415130000
1387938400,492.000000000000,0.010000000000
1387938727,493.910000000000,0.010000000000
1387939636,463.000000000000,0.010000000000
1387972799,493.910000000000,0.280000000000
1387973283,495.000000000000,0.058293400000
1387976969,493.910000000000,0.051500000000
1387983072,493.910000000000,0.014000000000
1387983074,493.910000000000,0.014000000000
1387983135,493.910000000000,0.014000000000
1387983138,493.910000000000,0.014000000000
1387984064,495.000000000000,0.365000000000
1387985778,493.910000000000,0.102500000000
1387995064,495.000000000000,0.380000000000
1387996339,495.000000000000,0.016688690000
1387996339,495.000000000000,0.053228300000
1387996359,495.000000000000,0.053163270000
1387996371,495.000000000000,0.035360630000
1387996385,495.000000000000,0.000284310000
1387996397,510.000000000000,0.083374350000
1388001417,495.000000000000,0.035743030000
1388018898,544.999000000000,0.025000000000
1388019953,510.000000000000,0.084950000000