1371996140,81.890000000000,0.100000000000
1371996551,81.890000000000,0.100000000000
1372016595,81.120000000000,0.120000000000
1372153995,75.000000000000,0.120000000000
1372169365,75.000000000000,0.653399990000
1372170196,75.000000000000,4.226600010000
1372240822,79.360000000000,0.235440000000
1372240822,79.500000000000,2.764560000000
1372241847,79.500000000000,0.235440000000
1372241847,79.900000000000,1.254700000000
1372241847,80.000000000000,0.509860000000
1372242089,80.000000000000,2.490140000000
1372242166,80.220000000000,2.365800000000
1372242166,80.890000000000,0.634200000000
1372252900,78.600000000000,1.500000000000
1372252983,78.000000000000,1.500000000000
1372253505,78.000000000000,0.856800000000
1372253505,78.600000000000,0.854000000000
1372253505,79.000000000000,1.500000000000
1372257758,79.000000000000,0.258920000000
1372259556,80.890000000000,0.601200000000
1372259556,81.000000000000,2.000000000000
1372259675,79.000000000000,0.398800000000
1372259675,79.000000000000,0.030280000000
1372261049,78.500000000000,0.638343950000
1372261162,78.500000000000,0.348107680000
1372263054,79.000000000000,1.570920000000
1372263054,81.120000000000,2.564780000000
1372263054,81.890000000000,2.125478000000
1372263054,81.950000000000,1.235870000000
1372263054,82.500000000000,2.502952000000
1372280634,78.000000000000,2.560000000000
1372280634,79.000000000000,0.440000000000
1372280690,79.000000000000,1.122000000000
1372322553,76.000000000000,2.350000000000
1372322553,76.000000000000,0.005400000000
1372327088,77.500000000000,2.354700000000
1372335703,79.100000000000,2.500000000000
1372339667,78.000000000000,2.500000000000
1372339932,77.000000000000,0.500000000000
1372339932,77.000000000000,1.494600000000
1372346377,76.500000000000,1.265800000000
1372346426,75.500000000000,2.354780000000
1372346446,75.000000000000,2.000000000000
1372347711,75.500000000000,0.314304630000
1372353163,74.800000000000,1.236500000000
1372354130,75.500000000000,1.400000000000
1372354821,74.500000000000,2.000000000000
1372355109,75.450000000000,0.100000000000
1372355623,75.450000000000,2.000000000000
1372358291,75.480000000000,2.000000000000
1372359853,75.490000000000,2.000000000000
1372359868,75.490000000000,2.000000000000
1372359882,75.490000000000,2.000000000000
1372359905,75.490000000000,2.000000000000
1372359918,75.490000000000,2.000000000000
1372359931,75.490000000000,2.000000000000
1372359946,75.490000000000,2.000000000000
1372361047,75.500000000000,0.285695370000
1372361047,76.500000000000,1.265800000000
1372361047,77.000000000000,1.005400000000
1372362295,77.150000000000,1.000000000000
1372362374,77.150000000000,2.000000000000
1372362393,77.150000000000,2.000000000000
1372362409,77.150000000000,2.000000000000
1372372651,75.000000000000,2.500000000000
1372399166,76.000000000000,1.235400000000
1372402394,75.850000000000,2.000000000000
1372402461,75.850000000000,2.000000000000
1372405017,75.900000000000,2.000000000000
1372405027,75.900000000000,2.000000000000
1372405038,75.900000000000,2.000000000000
1372405050,75.900000000000,2.000000000000
1372408399,75.900000000000,2.500000000000
1372411606,75.800000000000,2.000000000000
1372411617,75.800000000000,2.000000000000
1372411628,75.800000000000,2.000000000000
1372421297,75.000000000000,2.000000000000
1372442391,75.100000000000,0.654000000000
1372442391,75.100000000000,1.265400000000
1372442396,75.100000000000,0.080600000000
1372442455,75.100000000000,2.000000000000
1372442530,75.100000000000,0.500000000000
1372442593,75.100000000000,0.500000000000
1372442626,75.100000000000,2.000000000000
1372487170,75.150000000000,0.500000000000
1372487192,75.150000000000,2.000000000000
1372487216,75.150000000000,2.000000000000
1372502967,74.500000000000,0.350000000000
1372532589,72.500000000000,2.500000000000
1372536096,72.500000000000,0.500000000000
1372536150,72.400000000000,2.000000000000
1372536165,72.400000000000,2.000000000000
1372536179,72.400000000000,2.000000000000
1372536190,72.400000000000,2.000000000000
1372536201,72.400000000000,2.000000000000
1372536211,72.400000000000,2.000000000000
1372536259,72.400000000000,2.000000000000
1372536269,72.400000000000,2.000000000000
1372536280,72.400000000000,2.000000000000
1372536292,72.400000000000,2.000000000000
1372536302,72.400000000000,2.000000000000
1372538616,73.350000000000,2.000000000000
1372540361,72.250000000000,2.000000000000
1372579908,72.050000000000,3.000000000000
1372579920,72.050000000000,3.000000000000
1372579932,72.050000000000,3.000000000000
1372579942,72.050000000000,3.000000000000
1372579957,72.050000000000,3.000000000000
1372579973,72.050000000000,3.000000000000
1372585670,72.350000000000,3.000000000000
1372585681,72.350000000000,3.000000000000
1372585692,72.350000000000,3.000000000000
1372605285,72.950000000000,3.000000000000
1372605297,72.950000000000,3.000000000000
1372605312,72.950000000000,3.000000000000
1372605325,72.950000000000,3.000000000000
1372605338,72.950000000000,3.000000000000
1372624780,72.900000000000,3.000000000000
1372624791,72.900000000000,3.000000000000
1372624803,72.900000000000,3.000000000000
1372624818,72.900000000000,3.000000000000
1372662229,72.850000000000,3.000000000000
1372662260,72.850000000000,3.000000000000
1372662272,72.850000000000,3.000000000000
1372662283,72.850000000000,3.000000000000
1372670823,73.500000000000,2.000000000000
1372671339,74.500000000000,3.000000000000
1372671515,77.000000000000,0.005000000000
1372673964,73.050000000000,3.000000000000
1372673976,73.050000000000,3.000000000000
1372673988,73.050000000000,3.000000000000
1372673997,73.050000000000,3.000000000000
1372674008,73.050000000000,3.000000000000
1372678318,72.000000000000,1.250000000000
1372680304,71.950000000000,1.000000000000
1372680334,71.950000000000,3.000000000000
1372680348,71.950000000000,3.000000000000
1372683353,71.650000000000,1.000000000000
1372683379,71.650000000000,3.000000000000
1372683390,71.650000000000,3.000000000000
1372683398,71.650000000000,3.000000000000
1372683405,71.650000000000,3.000000000000
1372688421,71.550000000000,1.000000000000
1372690910,74.000000000000,1.000000000000
1372691010,77.000000000000,1.376623370000
1372697245,71.500000000000,0.008430000000
1372697344,71.150000000000,2.000000000000
1372697358,71.150000000000,2.000000000000
1372701474,71.050000000000,2.000000000000
1372703618,71.000000000000,2.800000000000
1372703976,69.500000000000,1.500000000000
1372704071,69.500000000000,2.000000000000
1372704107,68.000000000000,1.500000000000
1372704130,68.000000000000,0.500000000000
1372704167,68.000000000000,1.700000000000
1372704228,67.800000000000,1.300000000000
1372714883,67.850000000000,2.000000000000
1372714897,67.850000000000,2.000000000000
1372719869,67.880000000000,12.000000000000
1372719876,67.880000000000,12.000000000000
1372719882,67.880000000000,12.000000000000
1372719890,67.880000000000,12.000000000000
1372719896,67.880000000000,12.000000000000
1372719903,67.880000000000,12.000000000000
1372719911,67.880000000000,12.000000000000
1372719917,67.880000000000,12.000000000000
1372719923,67.880000000000,12.000000000000
1372719930,67.880000000000,12.000000000000
1372719939,67.880000000000,12.000000000000
1372719947,67.880000000000,12.000000000000
1372719954,67.880000000000,12.000000000000
1372719962,67.880000000000,12.000000000000
1372719970,67.880000000000,12.000000000000
1372719978,67.880000000000,12.000000000000
1372719984,67.880000000000,12.000000000000
1372719991,67.880000000000,12.000000000000
1372719997,67.880000000000,12.000000000000
1372720004,67.880000000000,12.000000000000
1372720011,67.880000000000,12.000000000000
1372720017,67.880000000000,12.000000000000
1372720024,67.880000000000,12.000000000000
1372720031,67.880000000000,12.000000000000
1372722409,65.440000000000,12.500000000000
1372722417,65.440000000000,12.500000000000
1372722796,65.440000000000,12.500000000000
1372722804,65.440000000000,12.500000000000
1372722811,65.440000000000,12.500000000000
1372722818,65.440000000000,12.500000000000
1372722827,65.440000000000,12.500000000000
1372722834,65.440000000000,12.500000000000
1372722840,65.440000000000,12.500000000000
1372722937,65.440000000000,12.500000000000
1372722959,65.440000000000,12.500000000000
1372722966,65.440000000000,12.500000000000
1372722976,65.440000000000,12.500000000000
1372723025,65.550000000000,12.200000000000
1372723033,65.550000000000,12.200000000000
1372723040,65.550000000000,12.200000000000
1372723047,65.550000000000,12.200000000000
1372723054,65.550000000000,12.200000000000
1372723062,65.550000000000,12.200000000000
1372723070,65.550000000000,12.200000000000
1372723078,65.550000000000,12.200000000000
1372723085,65.550000000000,12.200000000000
1372723092,65.550000000000,12.200000000000
1372723192,65.980000000000,12.300000000000
1372723205,65.980000000000,12.300000000000
1372723213,65.980000000000,12.300000000000
1372723220,65.980000000000,12.300000000000
1372723227,65.980000000000,12.300000000000
1372723235,65.980000000000,12.300000000000
1372727064,66.430000000000,12.200000000000
1372727073,66.430000000000,12.200000000000
1372727082,66.430000000000,12.200000000000
1372727089,66.430000000000,12.200000000000
1372727098,66.430000000000,12.200000000000
1372727106,66.430000000000,12.200000000000
1372727113,66.430000000000,12.200000000000
1372727123,66.430000000000,12.200000000000
1372727131,66.430000000000,12.200000000000
1372727140,66.430000000000,12.200000000000
1372727148,66.430000000000,12.200000000000
1372727156,66.430000000000,12.200000000000
1372727165,66.430000000000,12.200000000000
1372727172,66.430000000000,12.200000000000
1372727214,66.430000000000,12.200000000000
1372727240,66.860000000000,12.200000000000
1372727247,66.860000000000,12.200000000000
1372727255,66.860000000000,12.200000000000
1372727262,66.860000000000,12.200000000000
1372727270,66.860000000000,12.200000000000
1372727277,66.860000000000,12.200000000000
1372727284,66.860000000000,12.200000000000
1372727294,66.860000000000,12.200000000000
1372727302,66.860000000000,12.200000000000
1372730138,66.340000000000,12.300000000000
1372730146,66.340000000000,12.300000000000
1372730152,66.340000000000,12.300000000000
1372730159,66.340000000000,12.300000000000
1372730167,66.340000000000,12.300000000000
1372730174,66.340000000000,12.300000000000
1372730182,66.340000000000,12.300000000000
1372730192,66.340000000000,12.300000000000
1372730218,65.780000000000,12.400000000000
1372730225,65.780000000000,12.400000000000
1372730233,65.780000000000,12.400000000000
1372730242,65.780000000000,12.400000000000
1372730249,65.780000000000,12.400000000000
1372743165,66.300000000000,2.000000000000
1372745670,66.350000000000,2.000000000000
1372745682,66.350000000000,2.000000000000
1372745690,66.350000000000,2.000000000000
1372745700,66.350000000000,2.000000000000
1372745713,66.350000000000,2.000000000000
1372746507,67.600000000000,2.000000000000
1372754072,67.850000000000,2.000000000000
1372754087,67.850000000000,2.000000000000
1372754131,67.850000000000,2.000000000000
1372756941,67.600000000000,2.000000000000
1372756948,67.600000000000,2.000000000000
1372762635,67.640000000000,2.000000000000
1372762643,67.640000000000,2.000000000000
1372763703,67.900000000000,2.000000000000
1372763720,67.900000000000,2.000000000000
1372763729,67.900000000000,2.000000000000
1372763738,67.900000000000,2.000000000000
1372766981,68.000000000000,0.100000000000
1372766993,67.800000000000,1.000000000000
1372776788,67.900000000000,2.000000000000
1372776800,67.900000000000,2.000000000000
1372776809,67.900000000000,2.000000000000
1372787440,68.250000000000,2.000000000000
1372787451,68.250000000000,2.000000000000
1372787468,68.250000000000,0.300000000000
1372790604,68.350000000000,2.000000000000
1372790616,68.350000000000,2.000000000000
1372790629,68.350000000000,2.000000000000
1372790640,68.350000000000,2.000000000000
1372793919,68.500000000000,1.000000000000
1372793935,68.500000000000,1.000000000000
1372793949,68.500000000000,1.000000000000
1372793961,68.500000000000,1.000000000000
1372793972,68.500000000000,1.000000000000
1372796551,68.650000000000,1.500000000000
1372796563,68.650000000000,1.500000000000
1372796572,68.650000000000,1.500000000000
1372796582,68.650000000000,1.500000000000
1372796593,68.650000000000,1.500000000000
1372796605,68.650000000000,1.500000000000
1372804618,69.500000000000,0.500000000000
1372804618,70.000000000000,0.250000000000
1372831592,70.000000000000,0.667928570000
1372831625,69.000000000000,0.985478780000
1372831631,69.000000000000,0.985478780000
1372831639,69.000000000000,0.985478780000
1372831645,69.000000000000,0.985478780000
1372831652,69.000000000000,0.985478780000
1372831659,69.000000000000,0.985478780000
1372831665,69.000000000000,0.985478780000
1372831672,69.000000000000,0.985478780000
1372832386,68.200000000000,0.985478780000
1372832393,68.200000000000,0.985478780000
1372832399,68.200000000000,0.985478780000
1372832406,68.200000000000,0.985478780000
1372835408,68.300000000000,1.500000000000
1372835416,68.300000000000,1.500000000000
1372835424,68.300000000000,1.500000000000
1372835432,68.300000000000,1.500000000000
1372835441,68.300000000000,1.500000000000
1372835449,68.300000000000,1.500000000000
1372840361,68.300000000000,1.350000000000
1372847196,68.700000000000,1.000000000000
1372847208,68.700000000000,1.000000000000
1372851519,67.900000000000,1.000000000000
1372856473,67.500000000000,1.000000000000
1372856482,67.500000000000,1.000000000000
1372857042,67.250000000000,0.700000000000
1372857932,66.650000000000,0.900000000000
1372858292,66.700000000000,1.200000000000
1372858873,66.750000000000,1.500000000000
1372858881,66.750000000000,1.500000000000
1372858889,66.750000000000,1.500000000000
1372858897,66.750000000000,1.500000000000
1372859124,66.650000000000,1.500000000000
1372860346,0.450000000000,1.000000000000
1372860346,0.450000000000,0.500000000000
1372860696,66.000000000000,1.000000000000
1372860733,66.000000000000,0.500000000000
1372870901,65.050000000000,1.250000000000
1372874544,65.000000000000,1.750000000000
1372874556,65.000000000000,1.750000000000
1372874568,65.000000000000,1.750000000000
1372877712,64.900000000000,0.500000000000
1372877738,64.900000000000,1.250000000000
1372877758,64.500000000000,1.250000000000
1372877762,64.900000000000,1.250000000000
1372878061,64.500000000000,1.200000000000
1372878070,64.500000000000,1.200000000000
1372878079,64.500000000000,1.200000000000
1372878088,64.500000000000,1.200000000000
1372878096,64.500000000000,1.200000000000
1372878105,64.500000000000,1.200000000000
1372878114,64.500000000000,1.200000000000
1372880498,64.700000000000,1.000000000000
1372880507,64.700000000000,1.000000000000
1372895109,62.500000000000,0.750000000000
1372895119,62.250000000000,0.450000000000
1372895132,60.000000000000,1.000000000000
1372895141,60.000000000000,0.254000000000
1372895235,59.870000000000,1.000000000000
1372895243,59.870000000000,0.254000000000
1372895252,59.870000000000,1.000000000000
1372895289,59.870000000000,1.125470000000
1372895292,59.870000000000,0.128530000000
1372895292,59.870000000000,0.254000000000
1372895292,59.870000000000,0.742940000000
1372895298,59.870000000000,0.382530000000
1372913476,59.900000000000,1.000000000000
1372913484,59.900000000000,1.000000000000
1372913491,59.900000000000,1.000000000000
1372914870,59.210000000000,0.742940000000
1372914874,59.210000000000,0.492060000000
1372914878,59.210000000000,0.742940000000
1372914885,59.210000000000,0.492060000000
1372914895,59.210000000000,1.235000000000
1372914900,59.210000000000,0.742940000000
1372914921,59.110000000000,1.235000000000
1372914933,59.110000000000,1.235000000000
1372915961,59.050000000000,1.000000000000
1372916281,59.010000000000,1.000000000000
1372916290,59.010000000000,1.000000000000
1372916297,59.010000000000,1.000000000000
1372918824,57.650000000000,1.125470000000
1372918824,57.650000000000,1.224530000000
1372929188,58.400000000000,1.200000000000
1372929198,58.400000000000,1.200000000000
1372929208,58.400000000000,1.200000000000
1372930181,59.000000000000,0.500000000000
1372930190,59.000000000000,0.500000000000
1372930262,59.210000000000,0.492060000000
1372932341,59.650000000000,0.800000000000
1372932349,59.650000000000,0.800000000000
1372933302,60.000000000000,0.750000000000
1372933311,60.000000000000,0.750000000000
1372933321,60.000000000000,0.750000000000
1372939775,60.000000000000,0.500000000000
1372939790,60.000000000000,0.500000000000
1372939835,60.000000000000,0.500000000000
1372939843,60.000000000000,0.500000000000
1372939855,60.000000000000,0.500000000000
1372939895,61.900000000000,0.500000000000
1372939903,61.900000000000,0.500000000000
1372945408,60.900000000000,0.720000000000
1372945416,60.900000000000,0.720000000000
1372950272,62.250000000000,0.281100000000
1372954234,62.000000000000,0.750000000000
1372954244,62.000000000000,0.750000000000
1372957402,62.000000000000,0.750000000000
1372957412,62.000000000000,0.750000000000
1372959781,56.900000000000,0.050000000000
1372959781,56.900000000000,0.021270000000
1372959786,56.900000000000,0.728730000000
1372959790,56.900000000000,0.071270000000
1372959794,56.900000000000,0.728730000000
1372959799,56.900000000000,0.071270000000
1372959811,56.900000000000,0.728730000000
1372959918,60.950000000000,0.700000000000
1372959932,60.950000000000,0.700000000000
1372966236,61.000000000000,0.350000000000
1372966257,61.000000000000,0.350000000000
1372966266,61.000000000000,0.350000000000
1372966277,61.000000000000,0.350000000000
1372966374,61.250000000000,0.400000000000
1372967240,61.800000000000,0.400000000000
1372967249,61.800000000000,0.400000000000
1372967258,61.800000000000,0.400000000000
1372967268,61.800000000000,0.400000000000
1372967279,61.800000000000,0.400000000000
1372967288,61.800000000000,0.400000000000
1372967296,61.800000000000,0.400000000000
1372967313,61.800000000000,0.400000000000
1372967323,61.800000000000,0.400000000000
1372967442,59.990000000000,0.100000000000
1372967473,61.800000000000,0.100000000000
1372971206,61.900000000000,0.350000000000
1372971215,61.900000000000,0.350000000000
1372971226,61.900000000000,0.350000000000
1373005308,61.400000000000,0.350000000000
1373005315,61.400000000000,0.350000000000
1373005323,61.400000000000,0.350000000000
1373005331,61.400000000000,0.350000000000
1373005340,61.400000000000,0.350000000000
1373007102,61.000000000000,0.370000000000
1373007109,61.000000000000,0.370000000000
1373009044,61.200000000000,0.370000000000
1373009051,61.200000000000,0.370000000000
1373014385,59.990000000000,0.100000000000
1373014431,58.000000000000,0.260000000000
1373015267,58.200000000000,0.370000000000
1373015276,58.200000000000,0.370000000000
1373015351,59.990000000000,0.100000000000
1373018915,58.500000000000,0.470000000000
1373018923,58.500000000000,0.470000000000
1373018930,58.500000000000,0.470000000000
1373018938,58.500000000000,0.470000000000
1373018944,58.500000000000,0.470000000000
1373018951,58.500000000000,0.470000000000
1373018957,58.500000000000,0.470000000000
1373018965,58.500000000000,0.470000000000
1373018972,58.500000000000,0.470000000000
1373018980,58.500000000000,0.470000000000
1373018987,58.500000000000,0.470000000000
1373018994,58.500000000000,0.470000000000
1373019001,58.500000000000,0.470000000000
1373019008,58.500000000000,0.470000000000
1373019565,58.400000000000,0.250000000000
1373019573,58.400000000000,0.250000000000
1373019580,58.400000000000,0.250000000000
1373020872,58.700000000000,0.400000000000
1373020879,58.700000000000,0.400000000000
1373020886,58.700000000000,0.400000000000
1373020894,58.700000000000,0.400000000000
1373025010,58.300000000000,0.420000000000
1373025017,58.300000000000,0.420000000000
1373028143,58.300000000000,0.500000000000
1373028150,58.300000000000,0.500000000000
1373028158,58.300000000000,0.500000000000
1373028165,58.300000000000,0.500000000000
1373028173,58.300000000000,0.500000000000
1373030042,58.250000000000,0.500000000000
1373030049,58.250000000000,0.500000000000
1373030056,58.250000000000,0.500000000000
1373030063,58.250000000000,0.500000000000
1373030070,58.250000000000,0.500000000000
1373030077,58.250000000000,0.500000000000
1373030086,58.250000000000,0.500000000000
1373030093,58.250000000000,0.500000000000
1373030100,58.250000000000,0.500000000000
1373030107,58.250000000000,0.500000000000
1373030115,58.250000000000,0.500000000000
1373030122,58.250000000000,0.500000000000
1373030369,60.000000000000,8.000000000000
1373032403,57.650000000000,0.090000000000
1373032407,57.650000000000,3.910000000000
1373032696,57.900000000000,4.000000000000
1373032704,57.900000000000,4.000000000000
1373032712,57.900000000000,4.000000000000
1373034672,56.100000000000,3.500000000000
1373034680,56.100000000000,3.500000000000
1373035009,56.500000000000,2.000000000000
1373036438,56.800000000000,6.000000000000
1373039046,56.850000000000,6.000000000000
1373039055,56.850000000000,6.000000000000
1373039070,56.850000000000,0.500000000000
1373039944,56.550000000000,0.850000000000
1373040024,56.650000000000,1.150000000000
1373040313,56.750000000000,2.500000000000
1373042068,56.900000000000,2.800000000000
1373043856,56.100000000000,3.000000000000
1373043879,56.100000000000,2.000000000000
1373044184,56.150000000000,1.250000000000
1373044342,56.100000000000,0.500000000000
1373044557,56.150000000000,0.750000000000
1373044780,56.150000000000,0.750000000000
1373044962,55.000000000000,1.000000000000
1373045178,55.800000000000,1.600000000000
1373045313,55.800000000000,1.000000000000
1373045470,55.800000000000,1.400000000000
1373045637,54.000000000000,2.250000000000
1373045714,54.000000000000,1.000000000000
1373045966,54.000000000000,0.600000000000
1373046179,54.000000000000,1.150000000000
1373046429,54.750000000000,1.000000000000
1373046716,56.250000000000,0.800000000000
1373047200,54.000000000000,4.000000000000
1373047643,53.890000000000,4.000000000000
1373048178,53.890000000000,2.000000000000
1373049198,53.600000000000,2.500000000000
1373049340,53.600000000000,1.000000000000
1373050232,51.900000000000,5.000000000000
1373050338,51.900000000000,2.000000000000
1373053341,52.250000000000,2.500000000000
1373061418,53.100000000000,4.000000000000
1373061482,53.100000000000,2.000000000000
1373062219,53.100000000000,1.000000000000
1373062591,54.150000000000,4.896000000000
1373063869,53.900000000000,2.750000000000
1373092498,53.800000000000,3.000000000000
1373092715,53.800000000000,3.500000000000
1373093610,53.800000000000,0.750000000000
1373094206,54.000000000000,2.000000000000
1373096582,54.230000000000,0.800000000000
1373096599,54.230000000000,0.500000000000
1373100473,54.550000000000,4.000000000000
1373104957,55.000000000000,4.000000000000
1373106712,56.250000000000,4.000000000000
1373106742,56.250000000000,2.300000000000
1373108570,55.900000000000,1.000000000000
1373110126,55.400000000000,3.750000000000
1373112505,55.550000000000,0.450000000000
1373116841,55.100000000000,2.250000000000
1373118518,52.600000000000,7.000000000000
1373120247,53.700000000000,5.000000000000
1373122749,53.950000000000,1.250000000000
1373125015,54.020000000000,1.650000000000
1373125021,54.020000000000,1.650000000000
1373125027,54.020000000000,1.650000000000
1373125055,54.340000000000,1.650000000000
1373125062,54.340000000000,1.650000000000
1373125068,54.340000000000,1.650000000000
1373136300,54.560000000000,1.650000000000
1373136310,54.560000000000,1.340000000000
1373144342,53.350000000000,1.340000000000
1373144383,53.150000000000,2.000000000000
1373144397,53.150000000000,2.000000000000
1373144401,53.150000000000,1.000000000000
1373144410,53.220000000000,1.000000000000
1373147379,53.220000000000,1.000000000000
1373147394,54.260000000000,1.300000000000
1373147407,54.260000000000,0.700000000000
1373147503,55.540000000000,1.200000000000
1373147503,55.540000000000,1.800000000000
1373147549,55.540000000000,1.700000000000
1373147636,56.210000000000,0.600000000000
1373147654,56.210000000000,1.200000000000
1373147757,54.500000000000,0.100000000000
1373147813,54.500000000000,2.500000000000
1373147874,53.200000000000,2.000000000000
1373147927,52.860000000000,1.000000000000
1373148055,52.860000000000,0.300000000000
1373148055,53.200000000000,0.500000000000
1373148071,54.300000000000,0.700000000000
1373148090,54.300000000000,0.800000000000
1373148090,54.500000000000,0.400000000000
1373148221,55.650000000000,1.500000000000
1373148233,55.650000000000,0.300000000000
1373148329,53.540000000000,0.300000000000
1373148340,53.540000000000,1.500000000000
1373148343,53.540000000000,0.300000000000
1373148346,53.540000000000,1.500000000000
1373148349,53.540000000000,0.300000000000
1373148353,53.540000000000,1.500000000000
1373148356,53.540000000000,0.300000000000
1373148359,53.540000000000,1.500000000000
1373148362,53.540000000000,0.300000000000
1373148366,53.540000000000,1.500000000000
1373148369,53.540000000000,0.300000000000
1373148386,53.540000000000,1.500000000000
1373148392,53.540000000000,0.100000000000
1373148395,53.540000000000,1.500000000000
1373148399,53.540000000000,0.100000000000
1373148403,53.540000000000,1.500000000000
1373148406,53.540000000000,0.100000000000
1373148410,53.540000000000,1.500000000000
1373148414,53.540000000000,0.100000000000
1373151052,53.540000000000,1.500000000000
1373189001,53.200000000000,0.100000000000
1373189008,53.200000000000,3.900000000000
1373191736,54.000000000000,0.500000000000
1373191832,54.100000000000,3.600000000000
1373195754,54.500000000000,8.000000000000
1373195799,54.600000000000,0.250000000000
1373197597,54.750000000000,1.000000000000
1373205941,54.150000000000,5.000000000000
1373208823,54.500000000000,2.750000000000
1373211144,54.700000000000,1.800000000000
1373211204,54.700000000000,3.000000000000
1373221587,55.650000000000,1.500000000000
1373222187,55.700000000000,3.000000000000
1373222327,55.700000000000,2.000000000000
1373222543,55.750000000000,1.300000000000
1373223062,56.250000000000,5.000000000000
1373223279,56.250000000000,0.300000000000
1373224252,56.290000000000,1.900000000000
1373225106,56.250000000000,0.250000000000
1373225223,56.300000000000,5.000000000000
1373225431,56.500000000000,2.500000000000
1373225445,56.500000000000,1.500000000000
1373228225,56.500000000000,6.500000000000
1373233950,55.340000000000,1.500000000000
1373233957,55.340000000000,0.800000000000
1373234028,55.450000000000,3.000000000000
1373234041,55.450000000000,0.500000000000
1373234054,55.450000000000,0.700000000000
1373234075,55.450000000000,2.100000000000
1373234075,55.450000000000,0.200000000000
1373234639,56.900000000000,0.500000000000
1373234649,57.200000000000,1.600000000000
1373234668,57.200000000000,0.200000000000
1373234668,57.200000000000,1.600000000000
1373234671,57.200000000000,1.800000000000
1373234695,57.200000000000,0.200000000000
1373234695,57.360000000000,1.400000000000
1373234701,57.360000000000,0.400000000000
1373234705,57.360000000000,1.200000000000
1373234710,57.360000000000,0.400000000000
1373234721,57.360000000000,1.200000000000
1373234735,57.360000000000,0.800000000000
1373234741,57.460000000000,1.200000000000
1373234760,57.460000000000,4.000000000000
1373234766,57.460000000000,4.000000000000
1373234775,57.460000000000,4.000000000000
1373234915,57.360000000000,2.000000000000
1373234917,57.360000000000,2.000000000000
1373234935,57.360000000000,1.000000000000
1373234937,57.360000000000,1.000000000000
1373234939,57.360000000000,1.000000000000
1373234941,57.360000000000,1.000000000000
1373235029,57.460000000000,0.800000000000
1373235029,57.520000000000,6.000000000000
1373235037,57.520000000000,6.800000000000
1373235044,57.520000000000,6.800000000000
1373235077,57.520000000000,6.000000000000
1373235077,57.520000000000,0.800000000000
1373235098,57.520000000000,2.000000000000
1373235100,57.520000000000,2.000000000000
1373235102,57.520000000000,2.000000000000
1373235104,57.520000000000,0.800000000000
1373235120,57.520000000000,1.200000000000
1373235120,57.520000000000,0.800000000000
1373235126,57.520000000000,3.000000000000
1373235132,57.520000000000,1.800000000000
1373236948,58.700000000000,4.500000000000
1373236955,58.700000000000,4.500000000000
1373236961,58.700000000000,4.500000000000
1373236970,58.700000000000,4.500000000000
1373236990,58.700000000000,4.500000000000
1373236996,58.700000000000,4.500000000000
1373237001,58.700000000000,4.500000000000
1373237007,58.700000000000,4.500000000000
1373237015,58.700000000000,4.500000000000
1373238646,58.700000000000,8.000000000000
1373238652,58.700000000000,8.000000000000
1373238658,58.700000000000,8.000000000000
1373238664,58.700000000000,8.000000000000
1373238672,58.700000000000,8.000000000000
1373238679,58.700000000000,8.000000000000
1373238686,58.700000000000,8.000000000000
1373238694,58.700000000000,8.000000000000
1373238718,58.700000000000,8.000000000000
1373238724,58.700000000000,8.000000000000
1373238731,58.700000000000,8.000000000000
1373238739,58.700000000000,8.000000000000
1373238747,58.700000000000,8.000000000000
1373238753,58.700000000000,8.000000000000
1373238762,58.700000000000,8.000000000000
1373238769,58.700000000000,8.000000000000
1373238781,58.700000000000,3.000000000000
1373238783,58.700000000000,3.000000000000
1373238787,58.700000000000,2.000000000000
1373238845,58.230000000000,2.500000000000
1373238847,58.230000000000,2.500000000000
1373238850,58.230000000000,2.500000000000
1373238852,58.230000000000,2.500000000000
1373260701,58.500000000000,5.750000000000
1373261361,58.900000000000,0.850000000000
1373264147,60.240000000000,2.500000000000
1373264157,60.240000000000,2.500000000000
1373264294,62.250000000000,0.522900000000
1373264294,62.500000000000,0.477100000000
1373264310,62.500000000000,2.300000000000
1373264328,62.500000000000,2.300000000000
1373264344,62.500000000000,0.026900000000
1373264348,62.850000000000,2.273100000000
1373266729,62.450000000000,1.000000000000
1373271542,62.350000000000,3.000000000000
1373276138,62.250000000000,2.000000000000
1373277892,62.550000000000,1.000000000000
1373277988,62.550000000000,4.000000000000
1373279028,62.700000000000,5.000000000000
1373279044,62.700000000000,2.500000000000
1373283670,62.500000000000,0.750000000000
1373288853,62.800000000000,5.000000000000
1373288901,62.800000000000,5.000000000000
1373301650,61.100000000000,0.750000000000
1373302211,61.100000000000,1.750000000000
1373302636,61.200000000000,5.500000000000
1373303801,61.350000000000,0.500000000000
1373303967,61.350000000000,2.000000000000
1373304884,61.500000000000,5.850000000000
1373316440,60.800000000000,5.850000000000
1373320324,60.900000000000,1.000000000000
1373320331,60.900000000000,1.500000000000
1373321672,60.700000000000,4.000000000000
1373323120,60.750000000000,3.000000000000
1373324175,61.000000000000,0.500000000000
1373325325,60.800000000000,5.000000000000
1373326844,60.400000000000,3.750000000000
1373326859,60.400000000000,5.000000000000
1373326877,60.400000000000,0.650000000000
1373351485,60.650000000000,4.250000000000
1373355786,60.500000000000,0.250000000000
1373355880,60.500000000000,1.750000000000
1373360394,60.400000000000,2.300000000000
1373360538,60.400000000000,6.000000000000
1373362331,60.200000000000,5.000000000000
1373362488,60.200000000000,2.500000000000
1373362624,60.200000000000,3.000000000000
1373362940,60.300000000000,2.750000000000
1373362977,60.300000000000,1.750000000000
1373364059,60.050000000000,5.500000000000
1373367104,60.000000000000,4.000000000000
1373367557,59.900000000000,2.350000000000
1373368457,60.100000000000,6.000000000000
1373369485,60.000000000000,2.000000000000
1373369504,60.000000000000,3.000000000000
1373369518,60.000000000000,3.500000000000
1373369530,60.000000000000,2.000000000000
1373369543,60.000000000000,0.500000000000
1373369560,60.000000000000,1.500000000000
1373370527,59.700000000000,5.000000000000
1373372073,59.600000000000,5.000000000000
1373372408,59.600000000000,2.000000000000
1373372745,59.600000000000,4.000000000000
1373373078,59.800000000000,2.200000000000
1373377097,59.000000000000,6.000000000000
1373377317,59.000000000000,4.000000000000
1373381040,58.900000000000,3.500000000000
1373382113,58.600000000000,2.500000000000
1373390723,59.000000000000,6.200000000000
1373390815,59.000000000000,3.800000000000
1373393599,59.300000000000,1.000000000000
1373393708,59.300000000000,3.000000000000
1373393828,59.300000000000,2.000000000000
1373394148,59.300000000000,6.800000000000
1373398112,60.150000000000,4.500000000000
1373398137,60.150000000000,2.500000000000
1373398176,60.150000000000,1.000000000000
1373398842,60.200000000000,4.000000000000
1373436795,60.800000000000,5.000000000000
1373437308,60.800000000000,1.000000000000
1373437922,60.800000000000,2.500000000000
1373442102,61.250000000000,3.250000000000
1373443351,61.250000000000,2.000000000000
1373444103,61.500000000000,6.000000000000
1373444917,61.500000000000,4.300000000000
1373446781,61.600000000000,2.500000000000
1373450807,61.500000000000,1.750000000000
1373452997,61.300000000000,5.500000000000
1373456820,61.300000000000,3.750000000000
1373456900,61.300000000000,6.250000000000
1373459603,61.600000000000,2.000000000000
1373460511,61.750000000000,4.000000000000
1373461617,61.350000000000,0.700000000000
1373464729,58.000000000000,0.100000000000
1373473152,61.850000000000,2.500000000000
1373473437,61.850000000000,3.500000000000
1373473579,61.850000000000,1.000000000000
1373474759,61.950000000000,4.000000000000
1373477099,62.000000000000,0.281100000000
1373477459,61.900000000000,1.000000000000
1373481670,61.600000000000,2.000000000000
1373482661,61.900000000000,6.000000000000
1373482924,61.900000000000,1.250000000000
1373484877,62.500000000000,5.000000000000
1373495511,62.850000000000,0.026900000000
1373495511,64.000000000000,0.973100000000
1373495532,64.000000000000,1.000000000000
1373495543,64.000000000000,0.271999560000
1373495543,65.000000000000,0.728000440000
1373495596,64.990000000000,3.200000000000
1373495617,64.990000000000,2.800000000000
1373495635,64.990000000000,1.500000000000
1373496061,65.000000000000,1.000000000000
1373496708,65.000000000000,1.771999560000
1373518442,66.900000000000,1.700000000000
1373519279,66.900000000000,1.800000000000
1373519656,67.500000000000,0.250000000000
1373520539,67.400000000000,1.500000000000
1373523993,67.400000000000,2.000000000000
1373525020,67.450000000000,2.000000000000
1373525132,67.500000000000,0.750000000000
1373525437,67.500000000000,3.500000000000
1373525670,67.500000000000,1.300000000000
1373526342,67.500000000000,4.000000000000
1373526581,67.600000000000,2.000000000000
1373527255,67.800000000000,2.000000000000
1373527537,67.800000000000,2.000000000000
1373528043,67.800000000000,1.000000000000
1373528348,67.800000000000,1.250000000000
1373529228,67.900000000000,2.750000000000
1373532822,67.950000000000,3.000000000000
1373533475,67.950000000000,2.000000000000
1373533556,67.950000000000,0.500000000000
1373535194,67.950000000000,2.500000000000
1373536269,67.950000000000,3.250000000000
1373536867,67.950000000000,0.400000000000
1373543578,67.900000000000,3.000000000000
1373543692,67.900000000000,1.500000000000
1373544096,67.900000000000,2.750000000000
1373546834,67.900000000000,2.000000000000
1373552484,67.000000000000,2.900000000000
1373552635,67.000000000000,2.100000000000
1373552645,68.000000000000,0.002000000000
1373555549,66.900000000000,3.000000000000
1373568950,66.950000000000,3.000000000000
1373568976,66.950000000000,2.000000000000
1373569123,67.250000000000,1.569000000000
1373569471,67.800000000000,2.500000000000
1373572480,67.800000000000,3.000000000000
1373572487,67.800000000000,3.000000000000
1373597133,67.950000000000,3.000000000000
1373597142,67.950000000000,3.000000000000
1373597234,68.000000000000,2.000000000000
1373601711,67.980000000000,1.250000000000
1373611039,67.980000000000,1.500000000000
1373611463,67.990000000000,1.000000000000
1373611489,67.990000000000,2.000000000000
1373611489,67.990000000000,0.002280000000
1373611493,67.990000000000,1.197720000000
1373613731,69.990000000000,3.000000000000
1373615564,69.990000000000,1.000000000000
1373616906,69.990000000000,3.400000000000
1373617057,70.000000000000,3.000000000000
1373617057,70.000000000000,0.211821430000
1373617149,75.000000000000,1.999500000000
1373617149,75.000000000000,1.835966660000
1373628129,74.990000000000,2.000000000000
1373628712,74.990000000000,2.000000000000
1373633453,74.990000000000,1.300000000000
1373633547,74.990000000000,3.685000000000
1373650995,74.990000000000,2.500000000000
1373651041,74.990000000000,5.000000000000
1373651778,75.000000000000,8.000000000000
1373658707,73.000000000000,5.000000000000
1373658893,72.900000000000,1.500000000000
1373659622,72.900000000000,6.500000000000
1373660294,73.000000000000,2.700000000000
1373661420,72.500000000000,4.000000000000
1373662114,72.000000000000,1.905600000000
1373662154,72.500000000000,10.000000000000
1373663566,72.750000000000,5.000000000000
1373663580,72.750000000000,1.359600000000
1373695995,72.050000000000,3.500000000000
1373696965,72.350000000000,7.500000000000
1373700102,72.250000000000,4.000000000000
1373701114,71.000000000000,0.163900000000
1373701120,71.000000000000,2.336100000000
1373706420,71.500000000000,5.000000000000
1373707991,71.350000000000,10.000000000000
1373711665,71.500000000000,2.600000000000
1373732896,72.100000000000,8.000000000000
1373737072,72.800000000000,4.000000000000
1373741047,72.900000000000,2.500000000000
1373749076,73.100000000000,6.300000000000
1373780590,73.400000000000,1.750000000000
1373789414,73.550000000000,4.500000000000
1373800170,73.990000000000,10.000000000000
1373800479,73.990000000000,2.000000000000
1373804355,73.850000000000,3.600000000000
1373804872,73.850000000000,1.000000000000
1373817167,74.000000000000,2.600000000000
1373817455,74.000000000000,0.085000000000
1373827041,73.990000000000,4.800000000000
1373865813,72.000000000000,3.000000000000
1373879890,73.800000000000,6.250000000000
1373882242,73.900000000000,4.659000000000
1373882532,73.900000000000,0.500000000000
1373884609,72.500000000000,1.000000000000
1373886244,73.980000000000,3.250000000000
1373888254,73.980000000000,1.350000000000
1373914036,73.990000000000,1.000000000000
1373964863,74.000000000000,0.200000000000
1373975531,72.850000000000,7.500000000000
1373977456,72.850000000000,2.000000000000
1373981202,72.900000000000,0.500000000000
1373982883,72.950000000000,3.300000000000
1373984958,73.000000000000,10.000000000000
1373988982,73.250000000000,1.750000000000
1373992138,73.350000000000,2.500000000000
1374002350,72.350000000000,4.359000000000
1374006526,72.600000000000,1.250000000000
1374009374,72.900000000000,3.000000000000
1374010419,72.950000000000,5.000000000000
1374010463,72.950000000000,2.000000000000
1374040190,72.400000000000,2.000000000000
1374043001,72.600000000000,4.250000000000
1374045437,73.000000000000,1.300000000000
1374047930,73.000000000000,2.500000000000
1374049657,73.000000000000,2.750000000000
1374054331,73.500000000000,5.750000000000
1374066734,73.600000000000,2.000000000000
1374074182,73.000000000000,1.000000000000
1374077301,72.950000000000,8.000000000000
1374079109,73.250000000000,2.500000000000
1374083861,73.350000000000,2.500000000000
1374086178,73.300000000000,1.650000000000
1374091768,72.900000000000,2.000000000000
1374093791,71.000000000000,0.163900000000
1374095479,70.100000000000,0.800000000000
1374125228,70.900000000000,4.000000000000
1374143384,70.000000000000,2.130800000000
1374160586,69.800000000000,10.000000000000
1374163335,69.800000000000,10.000000000000
1374163355,69.800000000000,5.000000000000
1374163662,69.800000000000,10.000000000000
1374166534,68.000000000000,2.500000000000
1374167897,68.250000000000,1.000000000000
1374175213,68.200000000000,4.750000000000
1374178359,68.050000000000,4.000000000000
1374210488,68.300000000000,6.000000000000
1374212367,68.000000000000,1.500000000000
1374222889,69.000000000000,5.000000000000
1374225042,69.050000000000,2.500000000000
1374243421,69.100000000000,2.000000000000
1374244653,69.500000000000,8.000000000000
1374260950,69.500000000000,2.000000000000
1374305148,70.000000000000,11.300000000000
1374310725,69.990000000000,6.000000000000
1374312078,69.990000000000,4.000000000000
1374322422,69.990000000000,2.500000000000
1374326304,69.990000000000,8.500000000000
1374326441,69.990000000000,1.500000000000
1374330984,69.350000000000,2.750000000000
1374340510,69.350000000000,4.000000000000
1374394576,69.550000000000,6.500000000000
1374424215,68.000000000000,6.500000000000
1374472997,68.750000000000,8.000000000000
1374476489,69.250000000000,2.500000000000
1374482250,69.250000000000,4.000000000000
1374491993,69.250000000000,2.750000000000
1374496452,69.300000000000,5.000000000000
1374499249,69.800000000000,10.000000000000
1374501138,69.850000000000,1.584000000000
1374508701,69.900000000000,4.250000000000
1374516063,69.700000000000,2.500000000000
1374519522,69.900000000000,6.500000000000
1374522284,69.500000000000,9.250000000000
1374564520,69.850000000000,2.000000000000
1374565536,69.850000000000,0.750000000000
1374571734,70.000000000000,2.965000000000
1374584954,70.000000000000,0.719480000000
1374608490,70.500000000000,10.000000000000
1374617144,70.000000000000,0.280520000000
1374657332,69.990000000000,4.000000000000
1374662593,69.990000000000,2.500000000000
1374662602,69.990000000000,2.500000000000
1374676951,69.990000000000,2.980000000000
1374742080,69.880000000000,1.300000000000
1374742097,69.880000000000,1.045600000000
1374748219,69.850000000000,10.000000000000
1374753457,69.850000000000,2.500000000000
1374760285,69.880000000000,0.009100000000
1374765647,69.990000000000,0.020000000000
1374765692,69.990000000000,5.000000000000
1374852388,69.250000000000,5.000000000000
1374853458,69.350000000000,2.359000000000
1374860262,69.250000000000,0.273972600000
1374860266,69.250000000000,1.476027400000
1374862485,69.300000000000,9.750000000000
1374865313,69.400000000000,2.500000000000
1374868987,69.400000000000,4.500000000000
1374870303,69.400000000000,2.250000000000
1374870951,69.350000000000,4.690000000000
1374872553,69.300000000000,6.000000000000
1374876457,69.300000000000,2.000000000000
1374916463,68.780000000000,7.592400000000
1374918799,68.950000000000,4.000000000000
1374926613,69.400000000000,10.000000000000
1374929329,69.500000000000,0.020143000000
1374936552,69.450000000000,1.852000000000
1374937748,69.450000000000,4.000000000000
1374939071,69.450000000000,2.500000000000
1374939882,67.500000000000,0.100000000000
1374939952,65.000000000000,0.228000440000
1374939983,64.000000000000,1.124570000000
1374940014,63.500000000000,0.431214800000
1374944823,69.500000000000,3.007194000000
1374994546,69.450000000000,5.500000000000
1374999475,69.450000000000,2.000000000000
1375006517,69.300000000000,7.500000000000
1375006540,69.300000000000,2.000000000000
1375006570,69.300000000000,0.500000000000
1375015520,69.490000000000,6.000000000000
1375020416,69.490000000000,4.500000000000
1375023334,69.490000000000,1.500000000000
1375039800,69.200000000000,6.750000000000
1375076979,69.500000000000,0.500000000000
1375085059,69.490000000000,8.000000000000
1375089690,69.490000000000,2.650000000000
1375093978,69.500000000000,6.192143000000
1375096468,70.050000000000,5.359400000000
1375098451,71.000000000000,8.500000000000
1375098485,71.000000000000,1.500000000000
1375099977,71.000000000000,0.500000000000
1375102205,71.350000000000,4.000000000000
1375102287,71.350000000000,5.000000000000
1375102302,71.350000000000,1.000000000000
1375104286,71.500000000000,2.500000000000
1375108221,71.750000000000,7.750000000000
1375109460,71.750000000000,3.264700000000
1375111712,72.000000000000,4.500000000000
1375115553,72.000000000000,1.250000000000
1375116592,72.500000000000,8.400000000000
1375117906,72.700000000000,2.750000000000
1375123473,72.500000000000,3.000000000000
1375128468,72.600000000000,5.000000000000
1375159097,72.350000000000,1.850000000000
1375176884,72.700000000000,6.000000000000
1375182297,72.500000000000,3.000000000000
1375208892,72.750000000000,8.000000000000
1375212545,72.750000000000,1.250000000000
1375251826,74.000000000000,8.150000000000
1375254173,75.000000000000,0.248650000000
1375258385,74.990000000000,5.000000000000
1375262929,74.990000000000,0.200000000000
1375267670,74.990000000000,2.750000000000
1375277754,75.000000000000,0.415383340000
1375277754,75.000000000000,1.000000000000
1375277767,76.000000000000,3.500000000000
1375277800,77.000000000000,1.647400000000
1375286010,76.740000000000,4.000000000000
1375287559,76.700000000000,7.500000000000
1375291290,76.700000000000,3.250000000000
1375293790,76.850000000000,4.000000000000
1375297732,76.900000000000,0.500000000000
1375304002,76.750000000000,6.800000000000
1375340296,76.900000000000,5.000000000000
1375342328,76.000000000000,4.500000000000
1375349745,75.650000000000,6.000000000000
1375353716,75.800000000000,2.146700000000
1375359895,75.500000000000,2.000000000000
1375361338,76.000000000000,7.400000000000
1375372559,76.100000000000,1.750000000000
1375378396,76.000000000000,5.000000000000
1375380999,76.200000000000,2.500000000000
1375388988,76.000000000000,3.250000000000
1375427555,75.650000000000,4.750000000000
1375431395,75.250000000000,6.000000000000
1375431703,75.250000000000,5.000000000000
1375431758,75.250000000000,1.000000000000
1375432702,75.100000000000,3.000000000000
1375435597,76.000000000000,2.500000000000
1375445031,76.400000000000,2.000000000000
1375448519,76.000000000000,6.825000000000
1375450909,76.500000000000,2.500000000000
1375450916,76.500000000000,2.500000000000
1375451094,77.000000000000,0.652600000000
1375451229,77.400000000000,0.371000000000
1375466115,76.900000000000,2.000000000000
1375471000,76.000000000000,2.300000000000
1375528161,76.000000000000,0.100000000000
1375528194,76.000000000000,2.000000000000
1375528680,75.850000000000,1.250000000000
1375529791,75.900000000000,2.200000000000
1375533386,76.000000000000,1.583650000000
1375540484,75.650000000000,2.300000000000
1375540851,75.500000000000,2.000000000000
1375540858,75.500000000000,2.000000000000
1375540865,75.500000000000,2.000000000000
1375543597,75.000000000000,1.268410000000
1375566561,75.150000000000,2.000000000000
1375600887,75.000000000000,1.500000000000
1375610945,74.000000000000,2.258900000000
1375613664,74.250000000000,1.500000000000
1375613675,74.250000000000,2.000000000000
1375613691,74.250000000000,2.250000000000
1375629280,74.600000000000,2.000000000000
1375629287,74.600000000000,2.000000000000
1375629304,74.600000000000,1.500000000000
1375644103,74.800000000000,2.000000000000
1375647043,74.900000000000,1.250000000000
1375677723,74.550000000000,2.000000000000
1375684780,74.550000000000,2.000000000000
1375698715,75.150000000000,0.629000000000
1375698715,75.250000000000,1.621000000000
1375702415,75.000000000000,1.500000000000
1375704169,75.950000000000,0.958400000000
1375707365,76.000000000000,1.500000000000
1375716305,76.000000000000,1.000000000000
1375718948,76.000000000000,1.500000000000
1375727965,76.200000000000,1.250000000000
1375727980,76.200000000000,1.000000000000
1375727993,76.200000000000,0.500000000000
1375728038,76.200000000000,2.500000000000
1375730683,76.300000000000,2.500000000000
1375732383,76.990000000000,2.000000000000
1375732914,76.990000000000,0.182100000000
1375772281,76.200000000000,2.500000000000
1375773299,76.200000000000,0.250000000000
1375784690,76.660000000000,2.500000000000
1375789604,76.400000000000,1.500000000000
1375795698,75.000000000000,2.000000000000
1375795769,76.990000000000,0.770000000000
1375803827,76.800000000000,4.000000000000
1375815279,75.000000000000,2.750000000000
1375816081,75.100000000000,4.000000000000
1375816134,75.100000000000,0.226000000000
1375816628,75.250000000000,2.250000000000
1375816640,75.250000000000,2.750000000000
1375816914,75.400000000000,1.000000000000
1375817170,75.450000000000,2.000000000000
1375817300,75.500000000000,4.000000000000
1375817694,75.500000000000,0.250000000000
1375818874,75.600000000000,2.250000000000
1375820773,75.600000000000,1.500000000000
1375823232,75.450000000000,4.250000000000
1375860280,76.000000000000,3.000000000000
1375860602,76.000000000000,1.000000000000
1375861451,75.800000000000,3.000000000000
1375861865,75.800000000000,1.500000000000
1375864626,76.050000000000,3.750000000000
1375864642,76.050000000000,1.250000000000
1375870666,76.450000000000,4.000000000000
1375871390,76.450000000000,2.000000000000
1375872376,76.400000000000,4.200000000000
1375872613,76.400000000000,0.800000000000
1375874156,75.000000000000,6.600000000000
1375874530,76.000000000000,10.000000000000
1375875948,76.200000000000,5.000000000000
1375876526,76.250000000000,2.000000000000
1375876876,76.100000000000,3.500000000000
1375877038,76.100000000000,1.500000000000
1375885681,76.490000000000,8.500000000000
1375891629,75.900000000000,3.000000000000
1375892895,75.900000000000,1.500000000000
1375894885,76.000000000000,0.003400000000
1375894956,75.800000000000,2.500000000000
1375895691,75.800000000000,3.750000000000
1375895705,75.800000000000,1.250000000000
1375896609,75.500000000000,9.500000000000
1375904466,75.650000000000,2.500000000000
1375906016,75.700000000000,1.500000000000
1375906029,75.700000000000,3.500000000000
1375915918,75.990000000000,8.000000000000
1375948947,75.990000000000,4.000000000000
1375950329,75.990000000000,8.000000000000
1375950737,75.900000000000,4.000000000000
1375950926,75.900000000000,2.000000000000
1375954258,75.900000000000,3.500000000000
1375957036,75.850000000000,2.250000000000
1375958921,75.900000000000,5.000000000000
1375964046,75.950000000000,3.500000000000
1375968484,75.800000000000,6.000000000000
1375974727,74.000000000000,2.500000000000
1375974738,74.000000000000,1.500000000000
1375974751,74.000000000000,1.000000000000
1375976144,74.150000000000,2.000000000000
1375976642,74.000000000000,10.000000000000
1375977736,73.250000000000,5.000000000000
1375978866,73.250000000000,1.750000000000
1375988877,72.550000000000,6.000000000000
1375990451,72.550000000000,4.000000000000
1376029638,72.700000000000,2.000000000000
1376031667,73.250000000000,8.000000000000
1376031682,73.250000000000,2.000000000000
1376031875,73.250000000000,4.000000000000
1376033042,73.250000000000,1.250000000000
1376033776,73.450000000000,8.000000000000
1376033793,73.450000000000,2.000000000000
1376034000,73.000000000000,1.325400000000
1376036500,73.350000000000,3.750000000000
1376043729,73.450000000000,2.000000000000
1376047905,73.490000000000,8.500000000000
1376047918,73.490000000000,1.500000000000
1376065152,73.000000000000,4.500000000000
1376079124,72.750000000000,2.500000000000
1376079132,72.750000000000,2.500000000000
1376079144,72.750000000000,1.000000000000
1376081770,73.500000000000,1.996600000000
1376118539,73.500000000000,2.500000000000
1376118627,73.500000000000,4.000000000000
1376120025,73.700000000000,2.771200000000
1376121539,73.750000000000,5.000000000000
1376122585,73.750000000000,3.000000000000
1376150556,74.000000000000,9.000000000000
1376150566,74.000000000000,1.000000000000
1376215926,73.100000000000,3.162500000000
1376215934,73.100000000000,4.837500000000
1376216367,77.500000000000,0.036699000000
1376232414,74.000000000000,2.500000000000
1376232426,74.000000000000,2.500000000000
1376232444,74.000000000000,0.700000000000
1376233199,74.200000000000,2.000000000000
1376241293,74.200000000000,6.000000000000
1376241320,74.200000000000,4.000000000000
1376248778,74.250000000000,3.000000000000
1376249992,74.000000000000,1.000000000000
1376251446,74.300000000000,4.000000000000
1376287033,72.600000000000,4.000000000000
1376287669,72.700000000000,2.000000000000
1376288213,72.550000000000,1.000000000000
1376288807,72.600000000000,2.500000000000
1376289537,72.510000000000,5.000000000000
1376298896,72.600000000000,2.500000000000
1376299245,72.600000000000,1.500000000000
1376299296,72.600000000000,1.000000000000
1376301039,72.550000000000,5.500000000000
1376301052,72.550000000000,2.500000000000
1376301074,72.550000000000,2.000000000000
1376304435,72.700000000000,4.000000000000
1376305258,73.000000000000,1.500000000000
1376307820,73.000000000000,4.000000000000
1376309724,73.050000000000,2.000000000000
1376311373,73.350000000000,5.000000000000
1376312516,74.000000000000,4.248200000000
1376313876,74.000000000000,2.000000000000
1376315240,74.000000000000,3.000000000000
1376321205,74.200000000000,2.750000000000
1376417482,76.750000000000,0.100000000000
1376421259,74.500000000000,1.200000000000
1376421270,74.500000000000,2.300000000000
1376421363,75.000000000000,5.000000000000
1376421620,75.250000000000,2.500000000000
1376422802,75.150000000000,1.660000000000
1376425324,75.400000000000,2.500000000000
1376427883,75.500000000000,5.500000000000
1376463355,75.700000000000,3.500000000000
1376464027,75.750000000000,5.500000000000
1376464042,75.750000000000,1.500000000000
1376468265,76.000000000000,2.596500000000
1376468290,76.000000000000,1.000000000000
1376469887,76.500000000000,5.215686000000
1376475222,76.400000000000,5.000000000000
1376475232,76.400000000000,5.000000000000
1376475859,76.500000000000,0.076912640000
1376475859,76.750000000000,1.923087360000
1376479017,76.700000000000,7.000000000000
1376479074,76.700000000000,5.000000000000
1376480261,76.740000000000,4.000000000000
1376490271,76.850000000000,2.650000000000
1376491859,76.950000000000,2.000000000000
1376496131,76.600000000000,4.000000000000
1376496362,76.250000000000,7.250000000000
1376497358,76.000000000000,2.750000000000
1376500603,76.300000000000,4.000000000000
1376510784,76.650000000000,7.000000000000
1376513306,76.300000000000,6.526000000000
1376513427,74.510000000000,0.225000000000
1376515275,76.000000000000,2.000000000000
1376515389,76.000000000000,1.000000000000
1376519138,76.100000000000,2.200000000000
1376551714,76.150000000000,2.000000000000
1376552839,76.150000000000,1.500000000000
1376552849,76.150000000000,2.000000000000
1376552863,76.150000000000,1.625800000000
1376554707,76.000000000000,2.250000000000
1376558057,75.900000000000,2.000000000000
1376558065,75.900000000000,2.000000000000
1376558079,75.900000000000,0.658210000000
1376558265,75.900000000000,2.000000000000
1376559122,75.950000000000,1.000000000000
1376560471,76.000000000000,2.100000000000
1376566132,76.650000000000,1.291600000000
1376569260,76.500000000000,1.750000000000
1376569292,76.500000000000,1.250000000000
1376577538,76.600000000000,2.000000000000
1376577545,76.600000000000,2.000000000000
1376578878,76.600000000000,1.800000000000
1376580466,76.600000000000,2.000000000000
1376581391,76.600000000000,0.668540000000
1376581577,76.600000000000,1.250000000000
1376584365,76.600000000000,2.000000000000
1376595154,76.640000000000,2.000000000000
1376595162,76.640000000000,2.000000000000
1376595173,76.640000000000,1.000000000000
1376595185,76.640000000000,0.600000000000
1376595196,76.640000000000,1.330000000000
1376595207,76.640000000000,1.500000000000
1376595217,76.640000000000,2.000000000000
1376597268,76.640000000000,2.000000000000
1376598985,76.650000000000,1.000000000000
1376634417,76.640000000000,3.000000000000
1376635621,76.640000000000,2.000000000000
1376638124,76.640000000000,0.250000000000
1376638494,76.640000000000,2.250000000000
1376644499,76.640000000000,2.000000000000
1376651061,76.640000000000,2.000000000000
1376651074,76.640000000000,2.000000000000
1376655959,76.640000000000,1.250000000000
1376660358,76.640000000000,1.300000000000
1376666731,76.630000000000,3.825775080000
1376673273,76.640000000000,2.000000000000
1376673286,76.640000000000,2.000000000000
1376682916,76.640000000000,1.750000000000
1376682940,76.640000000000,2.000000000000
1376682963,76.640000000000,0.250000000000
1376730122,76.700000000000,2.750000000000
1376730140,76.700000000000,0.250000000000
1376730269,76.700000000000,2.000000000000
1376731101,76.800000000000,2.250000000000
1376733146,76.850000000000,1.750000000000
1376733602,76.850000000000,2.250000000000
1376734948,76.850000000000,2.500000000000
1376738029,76.900000000000,2.648900000000
1376738820,76.950000000000,1.500000000000
1376738886,76.850000000000,2.000000000000
1376742305,76.800000000000,0.250000000000
1376749285,76.850000000000,2.000000000000
1376759574,76.820000000000,2.250000000000
1376771144,77.500000000000,0.028900000000
1376771309,76.810000000000,2.300000000000
1376809831,76.850000000000,2.250000000000
1376809851,76.850000000000,1.750000000000
1376809870,76.850000000000,1.000000000000
1376810696,76.850000000000,1.068421000000
1376818480,76.820000000000,2.000000000000
1376830425,76.850000000000,2.400000000000
1376834105,76.850000000000,1.500000000000
1376836467,76.900000000000,2.000000000000
1376836474,76.900000000000,2.000000000000
1376840205,76.900000000000,2.000000000000
1376846500,77.500000000000,1.299401000000
1376846500,78.000000000000,2.265999000000
1376846522,78.000000000000,1.299401000000
1376853608,78.050000000000,2.150000000000
1376853622,78.050000000000,0.850000000000
1376857511,79.010000000000,2.000000000000
1376864491,79.000000000000,3.645600000000
1376880954,78.000000000000,18.354400000000
1376896098,78.100000000000,2.200000000000
1376896250,82.500000000000,3.000000000000
1376905851,80.150000000000,2.000000000000
1376905866,80.150000000000,1.500000000000
1376910653,80.050000000000,0.851280000000
1376941535,80.050000000000,1.750000000000
1376941551,80.050000000000,1.250000000000
1376943107,80.000000000000,0.100000000000
1376943112,80.000000000000,0.100000000000
1376943352,80.000000000000,0.200000000000
1376984196,85.000000000000,2.450000000000
1376984196,85.000000000000,1.500000000000
1376990427,85.000000000000,24.000000000000
1376994964,85.000000000000,67.000000000000
1377019900,84.900000000000,0.280000000000
1377076699,80.500000000000,3.000000000000
1377078712,80.500000000000,4.000000000000
1377079428,80.500000000000,2.750000000000
1377079445,80.500000000000,2.250000000000
1377081448,80.500000000000,5.000000000000
1377082551,81.000000000000,3.587400000000
1377085923,82.000000000000,1.687670000000
1377087664,83.000000000000,1.000000000000
1377087745,82.000000000000,4.865840000000
1377088028,82.000000000000,3.750000000000
1377088039,82.000000000000,2.000000000000
1377088046,82.000000000000,2.000000000000
1377088056,82.000000000000,3.000000000000
1377088066,82.000000000000,0.800000000000
1377088079,82.000000000000,0.250000000000
1377088091,82.000000000000,2.500000000000
1377088649,83.800000000000,1.000000000000
1377099360,82.100000000000,4.750000000000
1377099373,82.100000000000,0.250000000000
1377099860,82.500000000000,2.500000000000
1377103399,80.000000000000,1.000000000000
1377107867,84.900000000000,9.720000000000
1377115377,85.000000000000,3.000000000000
1377115388,85.000000000000,2.500000000000
1377115399,85.000000000000,2.700000000000
1377115428,85.000000000000,2.000000000000
1377115435,85.000000000000,2.000000000000
1377115460,85.000000000000,1.000000000000
1377120350,83.000000000000,9.000000000000
1377164890,84.000000000000,4.000000000000
1377177853,84.100000000000,3.500000000000
1377178408,84.100000000000,4.500000000000
1377178419,84.100000000000,2.500000000000
1377178434,84.100000000000,3.000000000000
1377178447,84.100000000000,0.856920000000
1377179379,85.000000000000,4.000000000000
1377179650,85.000000000000,2.000000000000
1377180184,85.000000000000,1.750000000000
1377182869,86.000000000000,4.000000000000
1377184338,86.000000000000,2.250000000000
1377184541,83.000000000000,0.750000000000
1377184587,85.000000000000,5.000000000000
1377185724,85.000000000000,2.000000000000
1377189047,84.900000000000,2.000000000000
1377189054,84.900000000000,2.000000000000
1377189215,84.900000000000,5.000000000000
1377189781,84.900000000000,3.100000000000
1377192782,85.000000000000,2.500000000000
1377192801,85.000000000000,5.000000000000
1377198833,85.000000000000,2.000000000000
1377201473,85.200000000000,3.750000000000
1377207617,85.500000000000,5.000000000000
1377207629,85.500000000000,2.500000000000
1377207639,85.500000000000,1.000000000000
1377220956,85.000000000000,4.821450000000
1377236988,84.800000000000,5.000000000000
1377238363,84.800000000000,3.500000000000
1377242343,83.900000000000,2.000000000000
1377250093,84.000000000000,5.000000000000
1377250126,84.000000000000,2.000000000000
1377257548,84.100000000000,5.000000000000
1377267384,84.000000000000,2.450000000000
1377268820,83.200000000000,5.000000000000
1377280228,83.350000000000,4.000000000000
1377282406,83.350000000000,2.500000000000
1377282428,83.350000000000,2.000000000000
1377289827,83.250000000000,90.000000000000
1377291081,83.350000000000,3.250000000000
1377298066,83.250000000000,6.960000000000
1377298097,83.200000000000,0.400000000000
1377298854,83.000000000000,0.140000000000
1377326061,83.400000000000,2.500000000000
1377326081,83.400000000000,1.500000000000
1377326095,83.400000000000,1.000000000000
1377330801,83.500000000000,3.000000000000
1377332151,83.500000000000,4.000000000000
1377332161,83.500000000000,4.000000000000
1377339887,84.000000000000,4.500000000000
1377340508,84.000000000000,3.750000000000
1377340673,84.000000000000,1.000000000000
1377340815,84.200000000000,2.475320000000
1377341356,85.990000000000,2.310000000000
1377343941,83.000000000000,0.360000000000
1377343941,83.000000000000,0.050000000000
1377344174,80.050000000000,1.000000000000
1377354235,81.000000000000,3.887470000000
1377356470,80.000000000000,0.254295580000
1377365604,81.050000000000,4.000000000000
1377365628,81.050000000000,2.500000000000
1377372916,82.000000000000,2.250000000000
1377372934,82.000000000000,2.500000000000
1377372951,82.000000000000,3.250000000000
1377373396,82.000000000000,3.386570000000
1377417487,82.500000000000,4.000000000000
1377417503,82.500000000000,2.000000000000
1377433709,82.250000000000,4.200000000000
1377433729,82.250000000000,0.800000000000
1377443896,83.000000000000,4.000000000000
1377445741,84.500000000000,3.988000000000
1377446486,84.500000000000,2.500000000000
1377448199,84.500000000000,4.000000000000
1377449262,84.500000000000,3.000000000000
1377449273,84.500000000000,4.000000000000
1377449288,84.500000000000,2.000000000000
1377456350,84.900000000000,4.250000000000
1377456364,84.900000000000,2.750000000000
1377457577,84.750000000000,2.000000000000
1377457583,84.750000000000,2.000000000000
1377457591,84.750000000000,2.000000000000
1377457599,84.750000000000,2.000000000000
1377457606,84.750000000000,2.000000000000
1377458108,84.750000000000,3.595500000000
1377458968,84.500000000000,3.750000000000
1377469409,84.500000000000,2.500000000000
1377469576,84.500000000000,3.500000000000
1377469588,84.500000000000,4.000000000000
1377469600,84.500000000000,2.000000000000
1377469617,84.500000000000,4.300000000000
1377469632,84.500000000000,1.700000000000
1377469669,84.500000000000,0.050000000000
1377469682,84.500000000000,0.250000000000
1377469692,84.500000000000,2.000000000000
1377469756,84.500000000000,0.900000000000
1377501326,84.300000000000,2.500000000000
1377503594,84.400000000000,4.000000000000
1377508127,84.250000000000,3.000000000000
1377508137,84.250000000000,2.000000000000
1377508732,84.250000000000,2.500000000000
1377510074,83.000000000000,0.200000000000
1377514320,84.000000000000,1.750000000000
1377514330,84.000000000000,2.250000000000
1377516150,84.000000000000,4.250000000000
1377523511,84.100000000000,2.700000000000
1377523523,84.100000000000,1.300000000000
1377524583,84.100000000000,4.250000000000
1377528354,84.100000000000,3.454680000000
1377528354,84.250000000000,0.545320000000
1377544131,84.000000000000,0.750000000000
1377544213,84.250000000000,0.750000000000
1377544733,83.950000000000,0.500000000000
1377547903,80.000000000000,2.000000000000
1377548057,80.000000000000,1.000000000000
1377548097,83.000000000000,3.500000000000
1377548644,84.000000000000,2.750000000000
1377548787,84.000000000000,2.000000000000
1377581221,84.250000000000,3.500000000000
1377581233,84.250000000000,1.500000000000
1377587913,84.250000000000,2.250000000000
1377591926,84.500000000000,2.946800000000
1377593218,84.350000000000,2.000000000000
1377597129,84.400000000000,2.000000000000
1377606317,84.500000000000,5.643200000000
1377609223,86.000000000000,3.330000000000
1377618598,86.000000000000,2.000000000000
1377618605,86.000000000000,2.000000000000
1377618615,86.000000000000,0.200000000000
1377620298,86.100000000000,2.500000000000
1377620310,86.100000000000,1.500000000000
1377620586,86.100000000000,3.156870000000
1377621230,87.200000000000,1.680000000000
1377622190,87.200000000000,0.000075490000
1377622190,90.000000000000,1.253924510000
1377623154,88.000000000000,2.000000000000
1377629151,89.900000000000,10.000000000000
1377630811,89.900000000000,3.000000000000
1377632308,90.000000000000,0.000855490000
1377635700,91.000000000000,2.500000000000
1377649462,88.000000000000,2.541000000000
1377667287,90.000000000000,2.500000000000
1377667300,90.000000000000,0.500000000000
1377667311,90.000000000000,2.000000000000
1377680411,90.000000000000,2.000000000000
1377685849,90.000000000000,2.500000000000
1377699530,91.000000000000,3.285700000000
1377705252,90.990000000000,2.000000000000
1377714079,90.990000000000,1.250000000000
1377714092,90.990000000000,0.750000000000
1377714103,90.990000000000,1.750000000000
1377714119,90.990000000000,0.450000000000
1377717059,90.990000000000,2.000000000000
1377717069,90.990000000000,2.000000000000
1377723952,90.000000000000,1.000000000000
1377723952,90.990000000000,1.250000000000
1377755273,90.990000000000,2.373590000000
1377756754,90.000000000000,2.000000000000
1377759647,90.500000000000,2.500000000000
1377760923,90.500000000000,1.500000000000
1377775779,90.000000000000,0.877770000000
1377791685,89.750000000000,2.000000000000
1377803146,89.950000000000,1.750000000000
1377827983,90.000000000000,1.000000000000
1377845214,89.990000000000,2.250000000000
1377845226,89.990000000000,1.750000000000
1377845239,89.990000000000,1.000000000000
1377858596,89.980000000000,2.000000000000
1377871679,89.990000000000,2.211210000000
1377875600,89.980000000000,30.000000000000
1377876902,89.990000000000,2.766900000000
1377878155,89.990000000000,0.097080000000
1377878218,90.000000000000,1.521300000000
1377878338,90.000000000000,0.677800000000
1377879299,89.950000000000,10.000000000000
1377879399,89.950000000000,2.000000000000
1377881261,89.950000000000,5.000000000000
1377889817,89.750000000000,25.000000000000
1377889935,89.750000000000,3.750000000000
1377894786,89.950000000000,10.000000000000
1377895222,90.000000000000,4.433300000000
1377896302,90.000000000000,1.489830000000
1377896397,90.500000000000,4.030000000000
1377897786,90.450000000000,35.000000000000
1377898391,90.500000000000,0.219779010000
1377899148,90.500000000000,2.464520990000
1377901486,100.000000000000,0.156100000000
1377930431,96.500000000000,20.000000000000
1377948865,97.250000000000,10.000000000000
1377948873,97.250000000000,10.000000000000
1377948882,97.250000000000,2.500000000000
1377954499,97.500000000000,2.500000000000
1377958421,97.000000000000,10.000000000000
1377962464,97.100000000000,1.500000000000
1377962616,97.000000000000,30.000000000000
1377962714,97.000000000000,3.300000000000
1377965667,97.250000000000,2.000000000000
1377966285,98.000000000000,7.800000000000
1377975124,99.000000000000,20.000000000000
1377975139,99.000000000000,5.000000000000
1377975149,99.000000000000,0.350000000000
1377975159,99.000000000000,0.050000000000
1377977850,99.500000000000,12.000000000000
1377978656,100.000000000000,5.000000000000
1377981965,100.000000000000,2.000000000000
1377982365,100.000000000000,0.500000000000
1377982630,100.250000000000,3.000000000000
1377983569,101.000000000000,25.000000000000
1377984214,101.000000000000,5.500000000000
1377984264,102.000000000000,0.250000000000
1377985727,102.000000000000,8.000000000000
1377985831,102.000000000000,8.000000000000
1378015834,101.000000000000,5.000000000000
1378018014,101.000000000000,2.000000000000
1378024874,100.000000000000,10.000000000000
1378026338,100.000000000000,0.600000000000
1378028414,100.000000000000,3.000000000000
1378028438,100.000000000000,20.000000000000
1378030733,100.000000000000,5.000000000000
1378041252,100.000000000000,5.600000000000
1378042948,101.000000000000,15.000000000000
1378044360,101.000000000000,2.000000000000
1378048161,101.000000000000,5.000000000000
1378049728,101.250000000000,0.200000000000
1378049742,101.250000000000,3.800000000000
1378065145,100.000000000000,10.000000000000
1378066646,100.000000000000,20.000000000000
1378066660,100.000000000000,1.000000000000
1378067880,100.500000000000,2.500000000000
1378068297,100.500000000000,10.000000000000
1378080515,101.000000000000,15.000000000000
1378080538,101.000000000000,20.000000000000
1378080734,101.000000000000,3.000000000000
1378104461,101.500000000000,5.000000000000
1378115197,101.850000000000,20.000000000000
1378119102,101.850000000000,5.000000000000
1378119900,101.500000000000,2.500000000000
1378134983,101.750000000000,15.000000000000
1378136511,101.750000000000,6.000000000000
1378141819,101.750000000000,10.000000000000
1378141826,101.750000000000,10.000000000000
1378141837,101.750000000000,0.650000000000
1378141848,101.750000000000,1.200000000000
1378153183,101.850000000000,5.000000000000
1378154091,101.850000000000,18.000000000000
1378154101,101.850000000000,2.000000000000
1378173036,101.800000000000,7.500000000000
1378188621,101.800000000000,2.750000000000
1378188754,101.800000000000,2.250000000000
1378190340,101.750000000000,1.000000000000
1378202490,101.750000000000,2.000000000000
1378202490,101.750000000000,3.904200000000
1378214235,100.000000000000,20.000000000000
1378224932,100.000000000000,5.000000000000
1378230521,100.000000000000,3.000000000000
1378232266,100.000000000000,20.000000000000
1378234331,99.950000000000,2.750000000000
1378236653,99.950000000000,10.000000000000
1378275619,99.900000000000,6.000000000000
1378299923,99.850000000000,10.000000000000
1378314377,99.850000000000,5.000000000000
1378316417,99.500000000000,3.000000000000
1378324855,97.000000000000,18.300000000000
1378362047,95.500000000000,10.000000000000
1378386870,95.000000000000,0.654190000000
1378387147,94.500000000000,20.000000000000
1378396071,94.000000000000,4.000000000000
1378396081,94.000000000000,2.000000000000
1378398408,90.000000000000,1.000000000000
1378400826,90.000000000000,10.000000000000
1378406764,90.000000000000,20.000000000000
1378446808,93.000000000000,20.000000000000
1378447582,93.000000000000,5.000000000000
1378447592,93.000000000000,5.000000000000
1378447601,93.000000000000,2.000000000000
1378461554,93.000000000000,2.200000000000
1378473157,92.990000000000,13.000000000000
1378489315,92.990000000000,17.500000000000
1378497538,92.490000000000,5.000000000000
1378537517,92.490000000000,20.000000000000
1378561049,89.900000000000,0.500000000000
1378571497,89.850000000000,6.000000000000
1378573976,89.850000000000,10.000000000000
1378586463,89.900000000000,1.000000000000
1378588303,89.900000000000,1.212458290000
1378623165,89.850000000000,2.000000000000
1378623701,89.900000000000,0.933241710000
1378630601,90.500000000000,10.000000000000
1378635538,91.000000000000,18.000000000000
1378641223,91.000000000000,10.000000000000
1378647237,92.500000000000,5.000000000000
1378653406,92.500000000000,0.107000000000
1378662664,92.500000000000,1.693000000000
1378662667,93.000000000000,0.307000000000
1378662677,93.000000000000,8.000000000000
1378669922,93.000000000000,10.000000000000
1378673877,92.000000000000,4.750000000000
1378705196,92.000000000000,15.000000000000
1378707526,92.000000000000,7.750000000000
1378707539,92.000000000000,2.250000000000
1378731504,92.000000000000,1.000000000000
1378753068,92.490000000000,15.000000000000
1378753570,92.500000000000,4.000000000000
1378753674,93.000000000000,0.397800000000
1378753723,93.000000000000,1.295200000000
1378761224,90.000000000000,4.208333330000
1378785097,90.000000000000,1.682000000000
1378793205,90.000000000000,2.000000000000
1378803122,90.000000000000,2.109666670000
1378804927,93.000000000000,2.000000000000
1378804927,94.500000000000,0.106518500000
1378805066,94.850000000000,1.000000000000
1378813470,92.500000000000,15.000000000000
1378823839,93.000000000000,10.000000000000
1378840435,94.000000000000,15.750000000000
1378840448,94.000000000000,4.250000000000
1378846600,94.000000000000,0.011405470000
1378846600,94.000000000000,9.988594530000
1378880251,95.000000000000,7.500000000000
1378880834,95.000000000000,15.000000000000
1378898203,90.010000000000,4.990000000000
1378900551,94.500000000000,10.000000000000
1378908646,94.000000000000,5.000000000000
1378915098,94.000000000000,10.000000000000
1378915105,94.000000000000,10.000000000000
1378915112,94.000000000000,1.000000000000
1378915112,94.000000000000,9.000000000000
1378915124,94.000000000000,1.000000000000
1378915124,94.000000000000,2.000000000000
1378915154,94.000000000000,10.000000000000
1378915497,94.500000000000,27.500000000000
1378922702,95.000000000000,5.250000000000
1378927677,95.100000000000,12.000000000000
1378927727,95.000000000000,0.200000000000
1378939550,95.000000000000,1.612420470000
1378940820,95.000000000000,0.800000000000
1378940857,95.000000000000,0.007579530000
1378940903,93.060000000000,1.192420470000
1378966846,95.000000000000,25.000000000000
1378967484,95.000000000000,5.000000000000
1378968689,93.000000000000,12.700179530000
1378968689,93.000000000000,0.299820470000
1378983519,94.000000000000,20.000000000000
1378993156,95.000000000000,27.265800000000
1378999537,97.000000000000,1.544000000000
1379004651,97.000000000000,1.020618800000
1379012638,96.950000000000,10.000000000000
1379012650,96.950000000000,2.500000000000
1379018740,97.000000000000,5.125381200000
1379051693,97.010000000000,20.000000000000
1379053042,97.010000000000,3.000000000000
1379062387,97.000000000000,0.074618800000
1379066740,94.010000000000,7.500000000000
1379066860,94.000000000000,0.200000000000
1379066874,93.000000000000,0.361000000000
1379066891,91.000000000000,0.400000000000
1379072152,95.000000000000,27.500000000000
1379079569,92.010000000000,1.076000000000
1379092586,91.510000000000,0.098000000000
1379092601,91.010000000000,0.079000000000
1379100557,92.000000000000,2.000000000000
1379100582,92.000000000000,2.000000000000
1379104479,92.000000000000,1.000000000000
1379108561,92.000000000000,0.340000000000
1379114120,92.000000000000,4.946000000000
1379114154,99.000000000000,0.400000000000
1379114154,99.490000000000,4.600000000000
1379144049,96.000000000000,22.500000000000
1379144063,96.000000000000,7.500000000000
1379150554,96.000000000000,3.200000000000
1379152744,94.000000000000,3.500000000000
1379182140,93.990000000000,20.000000000000
1379230276,93.990000000000,22.329000000000
1379249455,93.990000000000,5.000000000000
1379250228,92.000000000000,0.400000000000
1379259125,93.850000000000,20.000000000000
1379266247,93.800000000000,10.000000000000
1379267587,93.750000000000,20.000000000000
1379267594,93.750000000000,20.000000000000
1379267606,93.750000000000,7.500000000000
1379267617,93.750000000000,1.500000000000
1379280326,93.900000000000,1.580000000000
1379309569,93.850000000000,20.000000000000
1379322416,93.900000000000,1.520000000000
1379329599,91.130000000000,3.000000000000
1379335910,97.490000000000,0.297000000000
1379336110,90.120000000000,0.096164460000
1379336110,90.120000000000,0.107154680000
1379348785,94.000000000000,20.000000000000
1379355776,90.500000000000,1.030303030000
1379355776,90.500000000000,1.088380000000
1379355776,90.500000000000,1.088500000000
1379355776,90.500000000000,1.707000000000
1379355802,90.000000000000,1.000000000000
1379357596,93.000000000000,0.021390000000
1379360513,93.000000000000,4.000000000000
1379360571,93.000000000000,0.007204300000
1379362458,93.000000000000,0.057222670000
1379362518,93.000000000000,0.072390000000
1379362562,95.000000000000,5.000000000000
1379367915,93.000000000000,1.000000000000
1379402139,93.980000000000,5.000000000000
1379406853,93.990000000000,1.000000000000
1379415372,90.000000000000,1.050000000000
1379415372,90.000000000000,7.950000000000
1379415695,95.000000000000,20.000000000000
1379419405,95.000000000000,3.000000000000
1379428535,95.250000000000,7.500000000000
1379432805,95.500000000000,15.000000000000
1379449206,96.500000000000,0.507700000000
1379451597,96.490000000000,1.264000000000
1379484732,95.490000000000,2.617620000000
1379484732,95.500000000000,1.000000000000
1379484732,96.450000000000,16.382380000000
1379488791,95.990000000000,15.000000000000
1379496526,92.550000000000,0.800000000000
1379497463,95.000000000000,10.000000000000
1379500260,95.500000000000,17.500000000000
1379501646,96.000000000000,5.000000000000
1379516784,95.900000000000,10.000000000000
1379541360,95.900000000000,15.000000000000
1379568722,95.890000000000,10.000000000000
1379574473,92.010000000000,5.336900000000
1379574473,92.010000000000,3.012345670000
1379574473,92.010000000000,2.000000000000
1379574473,92.010000000000,0.777777770000
1379574473,92.010000000000,5.394000000000
1379574473,92.010000000000,3.249600000000
1379574554,91.530000000000,0.229000000000
1379585095,95.390000000000,2.185869000000
1379585095,95.540000000000,0.943131000000
1379595790,94.990000000000,17.500000000000
1379611494,94.500000000000,10.000000000000
1379657112,94.240000000000,15.000000000000
1379671800,94.500000000000,0.084100000000
1379677165,94.000000000000,5.200000000000
1379681308,93.990000000000,12.500000000000
1379687314,91.000000000000,0.974000000000
1379687314,91.000000000000,1.211800000000
1379687314,91.000000000000,0.633333330000
1379687314,91.000000000000,0.180866670000
1379687334,91.000000000000,1.319133330000
1379687334,91.000000000000,0.059000000000
1379687846,89.880000000000,0.622243230000
1379688420,93.500000000000,15.000000000000
1379688431,93.500000000000,10.000000000000
1379689382,93.990000000000,0.011400000000
1379700760,93.750000000000,8.750000000000
1379744314,93.500000000000,13.000000000000
1379763946,93.000000000000,15.000000000000
1379789246,93.000000000000,10.000000000000
1379824072,93.250000000000,8.500000000000
1379832552,93.500000000000,15.000000000000
1379839859,93.740000000000,0.608043300000
1379839859,93.750000000000,0.485963170000
1379911903,92.450000000000,15.000000000000
1379917231,92.500000000000,0.295000000000
1379918229,93.000000000000,2.500000000000
1379941584,92.750000000000,15.000000000000
1379945133,92.750000000000,10.000000000000
1379945142,92.750000000000,10.000000000000
1379945152,92.750000000000,10.000000000000
1379945160,92.750000000000,10.000000000000
1379945171,92.750000000000,3.000000000000
1379949268,92.300000000000,0.258000000000
1379949289,90.520000000000,1.378300000000
1379953999,92.700000000000,12.650000000000
1379954015,92.700000000000,0.350000000000
1379965268,91.000000000000,2.000000000000
1379973129,92.700000000000,1.000000000000
1379975628,92.700000000000,0.240000000000
1379976050,92.700000000000,0.017680000000
1379976050,92.800000000000,1.792300000000
1379983303,92.800000000000,0.190020000000
1380002692,92.650000000000,10.000000000000
1380015479,92.650000000000,8.000000000000
1380015701,92.650000000000,2.000000000000
1380026222,92.650000000000,0.800000000000
1380033742,92.800000000000,0.239916830000
1380033782,93.190000000000,1.200000000000
1380034119,93.200000000000,8.780291300000
1380036307,92.800000000000,0.019708700000
1380036307,92.800000000000,0.000083170000
1380043588,91.630000000000,0.108967760000
1380043588,91.630000000000,1.891032240000
1380047487,93.000000000000,15.000000000000
1380047632,91.620000000000,1.647497760000
1380047632,91.620000000000,0.052502240000
1380048160,93.000000000000,8.300000000000
1380061029,91.620000000000,2.000664250000
1380062772,93.600000000000,2.226910000000
1380062785,93.700000000000,5.000000000000
1380062958,93.700000000000,5.959459500000
1380065256,95.890000000000,6.000000000000
1380088758,95.000000000000,15.000000000000
1380088797,95.800000000000,5.250000000000
1380098122,95.840000000000,1.275000000000
1380098132,95.850000000000,1.991000000000
1380114942,95.850000000000,15.000000000000
1380124773,92.000000000000,1.000000000000
1380131467,92.000000000000,1.271700000000
1380131467,92.000000000000,1.016910000000
1380136744,95.870000000000,5.000000000000
1380136765,95.870000000000,5.000000000000
1380140625,95.800000000000,4.950000000000
1380140941,93.000000000000,2.999400000000
1380149784,95.800000000000,0.022500000000
1380152675,93.000000000000,1.170000000000
1380155334,93.000000000000,0.830600000000
1380174747,93.500000000000,15.000000000000
1380201425,93.750000000000,15.000000000000
1380201436,93.750000000000,15.000000000000
1380201451,93.750000000000,2.500000000000
1380203086,93.750000000000,8.000000000000
1380215445,93.900000000000,0.169400000000
1380215835,94.000000000000,12.500000000000
1380219548,94.000000000000,10.000000000000
1380235827,93.000000000000,10.000000000000
1380261674,93.400000000000,15.000000000000
1380265887,92.080000000000,0.310000000000
1380265887,92.080000000000,0.130900000000
1380285612,93.450000000000,15.000000000000
1380290856,92.100000000000,0.409000000000
1380351913,93.000000000000,15.000000000000
1380387891,93.500000000000,2.971000000000
1380398930,94.500000000000,15.000000000000
1380398940,94.500000000000,10.000000000000
1380398948,94.500000000000,10.000000000000
1380408891,94.750000000000,10.000000000000
1380446609,94.950000000000,0.308100000000
1380446630,94.990000000000,2.000000000000
1380446666,95.000000000000,2.940000000000
1380466443,94.950000000000,15.000000000000
1380471056,94.950000000000,10.000000000000
1380472599,95.000000000000,0.557000000000
1380473473,95.000000000000,1.238000000000
1380481325,95.000000000000,9.000000000000
1380486391,95.890000000000,0.750000000000
1380486391,95.900000000000,1.000000000000
1380486391,96.490000000000,1.250000000000
1380486391,96.990000000000,0.791800000000
1380486432,96.990000000000,0.026600000000
1380521940,95.500000000000,12.500000000000
1380531995,96.990000000000,1.864500000000
1380541023,95.990000000000,1.333330000000
1380541048,95.990000000000,0.000003000000
1380541048,96.000000000000,1.999997000000
1380547653,95.000000000000,10.046200000000
1380547653,95.000000000000,4.953800000000
1380548137,95.000000000000,0.378200000000
1380550533,96.000000000000,0.000003000000
1380550533,96.990000000000,2.398997000000
1380559674,96.950000000000,12.500000000000
1380559692,96.950000000000,2.500000000000
1380607810,96.450000000000,12.500000000000
1380617266,96.350000000000,3.000000000000
1380617281,96.500000000000,0.600000000000
1380617358,96.980000000000,4.980900000000
1380636554,96.800000000000,10.000000000000
1380649447,96.450000000000,11.000000000000
1380649881,96.490000000000,17.223300000000
1380649895,96.500000000000,5.000000000000
1380652131,96.980000000000,2.040000000000
1380667684,95.000000000000,0.470000000000
1380692988,96.000000000000,10.000000000000
1380692994,96.000000000000,10.000000000000
1380693006,96.000000000000,10.000000000000
1380693018,96.000000000000,3.000000000000
1380693503,96.100000000000,6.824510000000
1380697612,96.980000000000,1.649468160000
1380697612,96.990000000000,3.505531840000
1380712568,92.000000000000,2.220000000000
1380712568,92.000000000000,0.500000000000
1380712568,92.000000000000,3.120000000000
1380712568,92.000000000000,1.152000000000
1380712568,92.000000000000,1.008000000000
1380719248,93.800000000000,4.500000000000
1380719262,94.000000000000,6.500000000000
1380719270,94.500000000000,1.000000000000
1380727270,96.970000000000,1.020000000000
1380734920,93.800000000000,1.130000000000
1380734944,93.750000000000,3.500000000000
1380734958,93.500000000000,4.000000000000
1380734970,93.250000000000,2.500000000000
1380734984,93.000000000000,5.000000000000
1380735010,92.500000000000,3.870000000000
1380736816,92.500000000000,1.130000000000
1380736845,92.000000000000,0.168200000000
1380736889,90.010000000000,2.500000000000
1380737573,90.050000000000,13.000000000000
1380737968,90.050000000000,10.000000000000
1380737989,90.050000000000,5.000000000000
1380738127,80.000000000000,2.000000000000
1380738127,80.000000000000,11.800000000000
1380738127,80.000000000000,2.500000000000
1380738881,80.000000000000,0.500000000000
1380739040,80.000000000000,3.200000000000
1380739222,81.000000000000,15.000000000000
1380739566,81.250000000000,8.000000000000
1380740094,81.500000000000,12.000000000000
1380740645,81.500000000000,7.500000000000
1380740983,81.600000000000,10.000000000000
1380740994,81.600000000000,2.000000000000
1380744779,82.000000000000,9.250000000000
1380744835,85.000000000000,3.582140000000
1380780296,86.000000000000,12.000000000000
1380785906,92.000000000000,4.673910000000
1380809176,89.000000000000,10.000000000000
1380870819,90.000000000000,13.000000000000
1380878029,90.990000000000,1.000000000000
1380878038,91.000000000000,2.000000000000
1380888268,91.950000000000,10.000000000000
1380889960,91.950000000000,14.358000000000
1380891499,91.950000000000,6.000000000000
1380896005,91.900000000000,14.000000000000
1380898192,92.000000000000,1.000000000000
1380898192,92.000000000000,1.150000000000
1380898220,92.000000000000,0.020000000000
1380903437,91.990000000000,10.000000000000
1380904273,92.000000000000,4.131095000000
1380904869,92.500000000000,8.500000000000
1380909857,93.250000000000,11.750000000000
1380954303,93.550000000000,13.750000000000
1380977572,93.650000000000,10.000000000000
1380984792,93.650000000000,6.330000000000
1381005726,93.700000000000,1.280000000000
1381054916,92.990000000000,12.500000000000
1381058862,93.000000000000,0.107795690000
1381082509,92.850000000000,10.000000000000
1381087428,91.200000000000,0.600000000000
1381087452,91.000000000000,1.893490000000
1381126786,92.000000000000,3.406000000000
1381126886,92.500000000000,10.000000000000
1381126893,92.500000000000,10.000000000000
1381126901,92.500000000000,10.000000000000
1381138641,92.000000000000,2.225000000000
1381155923,93.500000000000,5.800000000000
1381157507,93.450000000000,11.594000000000
1381165875,92.500000000000,3.800000000000
1381166007,93.500000000000,0.500000000000
1381170048,93.450000000000,7.500000000000
1381170559,93.450000000000,12.500000000000
1381170590,93.450000000000,2.500000000000
1381211859,93.600000000000,10.000000000000
1381231455,92.000000000000,3.250000000000
1381231478,91.500000000000,0.948760530000
1381248822,93.700000000000,12.000000000000
1381257718,93.740000000000,1.000000000000
1381257718,93.750000000000,1.000000000000
1381259508,93.700000000000,6.450000000000
1381299139,93.700000000000,13.250000000000
1381299153,93.700000000000,6.750000000000
1381322572,93.750000000000,1.000000000000
1381322572,93.750000000000,4.322660000000
1381328083,93.700000000000,8.750000000000
1381388689,93.650000000000,11.300000000000
1381410711,93.700000000000,0.500000000000
1381410733,94.990000000000,1.000000000000
1381410733,95.000000000000,0.750000000000
1381410765,95.000000000000,1.000000000000
1381411371,95.490000000000,1.000000000000
1381411454,95.500000000000,0.999000000000
1381413598,94.750000000000,10.000000000000
1381413610,94.750000000000,8.000000000000
1381413620,94.750000000000,2.200000000000
1381414302,95.500000000000,0.951000000000
1381424927,95.980000000000,0.500000000000
1381425103,95.980000000000,0.010000000000
1381428383,95.750000000000,10.000000000000
1381428433,95.750000000000,5.250000000000
1381471886,95.900000000000,12.000000000000
1381475174,93.880000000000,50.000000000000
1381475256,94.000000000000,35.000000000000
1381477226,95.000000000000,12.500000000000
1381492094,95.500000000000,8.500000000000
1381494073,95.750000000000,2.000000000000
1381498217,95.800000000000,6.000000000000
1381499134,95.980000000000,2.490000000000
1381499134,96.000000000000,2.708000000000
1381500721,96.000000000000,0.423095000000
1381500721,96.200000000000,0.708000000000
1381506935,96.200000000000,0.423095000000
1381506935,96.500000000000,0.082105000000
1381560435,93.990000000000,10.000000000000
1381568218,94.000000000000,4.000000000000
1381594748,96.000000000000,12.500000000000
1381594761,96.000000000000,8.000000000000
1381597799,96.000000000000,6.500000000000
1381603261,96.250000000000,10.000000000000
1381617210,93.560000000000,5.000000000000
1381649935,94.500000000000,5.000000000000
1381651035,96.000000000000,7.500000000000
1381653581,95.900000000000,58.500000000000
1381663952,96.490000000000,4.000000000000
1381664013,96.500000000000,1.171000000000
1381672218,96.250000000000,6.282400000000
1381676648,96.250000000000,5.000000000000
1381683265,96.500000000000,0.511658030000
1381684517,96.500000000000,0.010400000000
1381708006,96.500000000000,2.062000000000
1381730826,94.520000000000,3.000000000000
1381730840,94.510000000000,1.955904860000
1381732272,96.490000000000,7.000000000000
1381740796,96.500000000000,4.637836970000
1381740851,97.000000000000,0.400000000000
1381748308,96.990000000000,5.000000000000
1381750136,97.000000000000,0.320000000000
1381751389,97.000000000000,2.180000000000
1381751389,97.000000000000,2.600000000000
1381751435,97.500000000000,0.363400000000
1381751642,97.150000000000,7.000000000000
1381751654,97.150000000000,1.500000000000
1381752125,97.250000000000,4.000000000000
1381754524,97.250000000000,1.750000000000
1381767493,97.490000000000,6.750000000000
1381767503,97.490000000000,4.000000000000
1381771315,97.250000000000,1.017000000000
1381771884,95.000000000000,1.000000000000
1381772304,95.000000000000,0.483000000000
1381773361,99.000000000000,92.000000000000
1381778622,97.000000000000,2.000000000000
1381778673,99.000000000000,9.000000000000
1381779749,99.000000000000,5.000000000000
1381781478,99.500000000000,8.000000000000
1381781520,99.500000000000,0.500000000000
1381817771,100.000000000000,1.030000000000
1381832407,100.000000000000,8.970000000000
1381837506,100.000000000000,1.020000000000
1381837574,100.000000000000,2.590000000000
1381838118,100.000000000000,1.390000000000
1381844018,99.500000000000,2.000000000000
1381844155,98.530000000000,0.672450000000
1381849307,101.500000000000,1.000000000000
1381849328,101.000000000000,1.000000000000
1381852873,102.000000000000,10.000000000000
1381857758,103.000000000000,8.750000000000
1381859622,104.000000000000,5.000000000000
1381867211,104.000000000000,0.500000000000
1381877303,111.990000000000,0.866110000000
1381905943,109.990000000000,9.250000000000
1381906494,109.990000000000,7.500000000000
1381913363,104.540000000000,4.000000000000
1381913369,104.540000000000,2.000000000000
1381913373,104.540000000000,2.000000000000
1381913491,107.000000000000,2.000000000000
1381913499,107.000000000000,1.000000000000
1381913508,107.000000000000,1.000000000000
1381924062,107.000000000000,3.000000000000
1381937730,110.000000000000,8.000000000000
1381940375,110.000000000000,9.150000000000
1381944758,108.110000000000,0.880000000000
1381944872,107.000000000000,0.230000000000
1381944872,107.000000000000,0.885500000000
1381944912,107.000000000000,0.039500000000
1381945947,104.000000000000,1.965000000000
1381948319,104.000000000000,2.035000000000
1381948486,102.000000000000,4.000000000000
1381949891,102.000000000000,0.800000000000
1381949922,103.000000000000,1.080000000000
1381951486,102.990000000000,7.750000000000
1381951503,102.990000000000,2.250000000000
1381951957,102.450000000000,46.000000000000
1381965451,100.900000000000,3.000000000000
1381965458,100.900000000000,4.000000000000
1381965463,100.900000000000,3.000000000000
1381969132,101.000000000000,7.884500000000
1381975541,101.000000000000,0.115500000000
1381991918,101.990000000000,10.000000000000
1381991926,101.990000000000,10.000000000000
1381991987,102.000000000000,4.892156850000
1382002410,102.990000000000,10.000000000000
1382005247,103.000000000000,1.700000000000
1382005947,103.000000000000,1.200000000000
1382006276,103.000000000000,2.207840000000
1382006290,103.000000000000,0.000003150000
1382007191,103.500000000000,7.000000000000
1382014866,105.000000000000,9.600000000000
1382016145,106.000000000000,5.000000000000
1382017642,106.250000000000,9.500000000000
1382017656,106.250000000000,0.500000000000
1382019861,106.500000000000,3.000000000000
1382041119,107.000000000000,5.000000000000
1382055949,109.990000000000,4.536000000000
1382079096,107.000000000000,0.925200000000
1382079099,107.000000000000,7.574800000000
1382086450,109.990000000000,0.354000000000
1382086699,110.000000000000,1.393300000000
1382097709,109.000000000000,77.000000000000
1382098411,107.000000000000,0.020000000000
1382098544,107.000000000000,4.680000000000
1382100682,107.000000000000,2.800000000000
1382101581,107.000000000000,5.000000000000
1382101617,107.000000000000,0.120000000000
1382103929,107.950000000000,7.500000000000
1382104418,108.000000000000,20.000000000000
1382106834,108.250000000000,4.750000000000
1382107266,108.500000000000,6.000000000000
1382110931,108.500000000000,1.000000000000
1382110963,109.000000000000,8.000000000000
1382111192,109.500000000000,2.379500000000
1382115366,109.750000000000,10.000000000000
1382126171,110.500000000000,10.000000000000
1382126179,110.500000000000,10.000000000000
1382126394,110.500000000000,1.500000000000
1382143651,112.000000000000,1.077400000000
1382147434,112.500000000000,4.000000000000
1382147452,112.500000000000,1.000000000000
1382167178,114.000000000000,3.292400000000
1382177680,114.000000000000,0.870000000000
1382178131,114.000000000000,2.180000000000
1382178588,110.500000000000,45.000000000000
1382179090,113.500000000000,3.515400000000
1382183719,114.000000000000,3.500000000000
1382184093,114.000000000000,0.157600000000
1382185678,117.000000000000,0.010000000000
1382188709,117.000000000000,4.270000000000
1382188876,117.000000000000,0.200000000000
1382197669,117.000000000000,0.040000000000
1382205184,116.000000000000,4.301700000000
1382209691,116.000000000000,0.991300000000
1382213411,116.000000000000,2.000000000000
1382213628,116.000000000000,3.500000000000
1382221937,115.000000000000,1.300000000000
1382221946,115.000000000000,2.000000000000
1382221953,115.000000000000,1.700000000000
1382222123,114.000000000000,3.062000000000
1382249297,114.950000000000,8.750000000000
1382257782,114.000000000000,10.000000000000
1382257832,114.000000000000,1.686500000000
1382257895,114.000000000000,0.576600000000
1382259951,115.000000000000,5.238000000000
1382260078,115.500000000000,3.399000000000
1382260222,115.500000000000,0.035000000000
1382261147,115.250000000000,9.000000000000
1382261892,115.500000000000,2.566000000000
1382261892,116.000000000000,9.608000000000
1382272649,119.990000000000,0.019900000000
1382280742,119.990000000000,8.000000000000
1382286299,120.000000000000,1.000000000000
1382290631,122.000000000000,6.750000000000
1382291390,122.100000000000,3.000000000000
1382339427,123.000000000000,7.500000000000
1382340335,125.000000000000,3.990000000000