1370844248,600.000000000000,0.090000000000
1370507929,719.295000000000,1.000000000000
1370508054,870.000000000000,0.035200000000
1370510963,723.446000000000,1.000000000000
1370511229,723.446000000000,1.000000000000
1370511530,723.446000000000,1.000000000000
1370511831,723.446000000000,1.000000000000
1370514073,719.893000000000,0.147290000000
1370836939,599.160000000000,2.000000000000
1370844248,647.681000000000,0.546100000000
1370844321,647.681000000000,0.090000000000
1370938133,750.000000000000,0.533400000000
1370942731,615.000000000000,0.500000000000
1370944235,615.000000000000,0.500000000000
1370960650,625.669000000000,0.001500000000
1370966853,628.637000000000,0.633000000000
1371053263,650.000000000000,0.500000000000
1371062118,650.000000000000,0.423000000000
1371163200,650.000000000000,1.250000000000
1371163501,650.000000000000,1.250000000000
1371163802,650.000000000000,1.192400000000
1371553299,686.270000000000,0.100000000000
1371583268,712.644000000000,2.000000000000
1371583358,712.644000000000,2.000000000000
1371583777,715.947000000000,2.000000000000
1371583876,715.947000000000,1.000000000000
1371584667,610.000000000000,1.500000000000
1371584667,583.000000000000,0.500000000000
1371584667,557.028000000000,1.000000000000
1371584667,552.727000000000,1.000000000000
1371585047,557.028000000000,1.000000000000
1371585047,550.907000000000,1.000000000000
1371587714,545.889000000000,1.000000000000
1371587714,539.890000000000,1.000000000000
1371587959,548.762000000000,1.000000000000
1371588176,548.000000000000,1.000000000000
1372063311,650.000000000000,0.010000000000
1372063311,650.000000000000,0.025000000000
1372063311,650.000000000000,0.050000000000
1372348137,650.000000000000,0.050000000000
1372398287,650.000000000000,1.000000000000
1372398589,650.000000000000,0.425000000000
1373008575,600.000000000000,0.399900000000
1372704243,600.000000000000,0.140000000000
1372752292,593.425000000000,0.370720000000
1372754296,675.000000000000,0.050000000000
1372754296,680.456000000000,1.000000000000
1372754296,716.759000000000,2.000000000000
1372754296,750.000000000000,0.603030000000
1372796402,567.534000000000,0.001000000000
1372796479,567.534000000000,0.001000000000
1372796481,567.534000000000,0.001000000000
1372796481,567.534000000000,0.001000000000
1372796482,567.534000000000,0.001000000000
1372796482,567.534000000000,0.001000000000
1372796483,567.534000000000,0.001000000000
1372796483,567.534000000000,0.001000000000
1372796484,567.534000000000,0.001000000000
1372796485,567.534000000000,0.001000000000
1372796485,567.534000000000,0.001000000000
1372796487,567.534000000000,0.001000000000
1372796487,567.534000000000,0.001000000000
1372796488,567.534000000000,0.001000000000
1372796488,567.534000000000,0.001000000000
1372796489,567.534000000000,0.001000000000
1372796489,567.534000000000,0.001000000000
1372796490,567.534000000000,0.001000000000
1372796490,567.534000000000,0.001000000000
1372796492,567.534000000000,0.001000000000
1372796493,567.534000000000,0.001000000000
1372796494,567.534000000000,0.001000000000
1372796494,567.534000000000,0.001000000000
1372796495,567.534000000000,0.001000000000
1372796495,567.534000000000,0.001000000000
1372796496,567.534000000000,0.001000000000
1372837844,567.534000000000,0.050000000000
1372839856,584.526000000000,0.100000000000
1372841599,597.811000000000,0.125000000000
1372843113,599.000000000000,0.300000000000
1372843122,601.653000000000,1.000000000000
1372843127,611.096000000000,1.000000000000
1372843194,611.096000000000,0.500000000000
1372844006,637.665000000000,1.000000000000
1372844014,637.665000000000,1.000000000000
1372845237,750.000000000000,0.126970000000
1372845664,776.489000000000,1.000000000000
1372856987,520.750000000000,0.010000000000
1372857161,523.225000000000,0.010000000000
1372857161,515.297000000000,0.025000000000
1372857161,502.084000000000,0.029000000000
1373008575,550.000000000000,0.750000000000
1373008575,560.000000000000,0.100000000000
1373008575,570.000000000000,0.200000000000
1373008575,580.000000000000,0.300000000000
1373008575,776.489000000000,1.292430000000
1373291115,461.257000000000,0.250000000000
1373292335,452.000000000000,0.250000000000
1373292652,454.143000000000,1.000000000000
1373293150,446.775000000000,0.283000000000
1373298194,468.688000000000,0.875710000000
1373301357,472.563000000000,0.010000000000
1373301357,472.563000000000,0.025000000000
1373301358,472.563000000000,0.050000000000
1373301414,472.563000000000,0.915000000000
1373301414,474.879000000000,0.085000000000
1373452553,472.000000000000,0.010000000000
1373452854,472.000000000000,0.010000000000
1373453156,472.000000000000,0.010000000000
1373453458,472.000000000000,0.010000000000
1373453759,472.000000000000,0.010000000000
1373454060,472.000000000000,0.010000000000
1373454362,472.000000000000,0.010000000000
1373477863,472.000000000000,0.010000000000
1373477863,472.000000000000,0.025000000000
1373477863,472.000000000000,0.050000000000
1373478066,472.000000000000,0.095000000000
1373478066,482.296000000000,0.905000000000
1373478164,482.296000000000,0.010000000000
1373478164,482.296000000000,0.025000000000
1373478165,482.296000000000,0.050000000000
1373487800,500.000000000000,0.010000000000
1373488101,500.000000000000,0.010000000000
1373488403,500.000000000000,0.010000000000
1373488703,500.000000000000,0.010000000000
1373489005,500.000000000000,0.010000000000
1373489005,500.000000000000,0.025000000000
1373489306,500.000000000000,0.010000000000
1373489306,500.000000000000,0.025000000000
1373489607,500.000000000000,0.010000000000
1373489607,500.000000000000,0.025000000000
1373489908,500.000000000000,0.010000000000
1373489908,500.000000000000,0.025000000000
1373490210,500.000000000000,0.010000000000
1373490210,500.000000000000,0.025000000000
1373490510,500.000000000000,0.010000000000
1373490812,500.000000000000,0.010000000000
1373491113,500.000000000000,0.005000000000
1373539303,520.741000000000,0.010000000000
1373539303,512.851000000000,0.025000000000
1373539320,499.701000000000,0.050000000000
1373539320,495.638000000000,0.950000000000
1373539320,495.638000000000,0.050000000000
1373539329,486.124000000000,0.010000000000
1373539329,486.124000000000,0.025000000000
1373539329,486.124000000000,0.050000000000
1373539532,486.124000000000,1.000000000000
1373541224,530.934000000000,1.000000000000
1373541224,533.536000000000,2.000000000000
1373541224,546.549000000000,5.000000000000
1373541224,546.549000000000,1.000000000000
1373541224,572.575000000000,4.580530000000
1373551552,526.586000000000,0.010000000000
1373551552,526.586000000000,0.025000000000
1373551552,526.586000000000,0.050000000000
1373568583,539.067000000000,0.556510000000
1373572075,521.585000000000,0.010000000000
1373572075,513.682000000000,0.025000000000
1373572075,500.511000000000,0.050000000000
1373572075,496.231000000000,0.915000000000
1373572076,496.231000000000,0.085000000000
1373572085,494.409000000000,0.010000000000
1373572085,494.409000000000,0.025000000000
1373572085,494.409000000000,0.050000000000
1373582302,521.591000000000,0.010000000000
1373582302,513.688000000000,0.025000000000
1373582302,500.516000000000,0.050000000000
1373582329,491.997000000000,0.010000000000
1373582329,491.997000000000,0.025000000000
1373582329,491.997000000000,0.050000000000
1373594331,536.071000000000,0.010000000000
1373594331,527.948000000000,0.025000000000
1373594331,514.411000000000,0.050000000000
1373594383,503.089000000000,0.010000000000
1373594383,503.089000000000,0.025000000000
1373594383,503.089000000000,0.050000000000
1373594684,503.089000000000,0.010000000000
1373594684,503.089000000000,0.025000000000
1373594684,503.089000000000,0.050000000000
1373606435,585.756000000000,0.010000000000
1373606435,585.756000000000,0.025000000000
1373606435,585.756000000000,0.050000000000
1373614188,564.349000000000,0.010000000000
1373614188,555.798000000000,0.025000000000
1373614188,541.547000000000,0.050000000000
1373614270,531.440000000000,0.010000000000
1373614270,531.440000000000,0.025000000000
1373614270,531.440000000000,0.050000000000
1373616896,569.870000000000,0.010000000000
1373616896,561.236000000000,0.025000000000
1373616896,546.845000000000,0.050000000000
1373616982,545.218000000000,0.010000000000
1373616983,545.218000000000,0.025000000000
1373616983,545.218000000000,0.050000000000
1373619907,585.233000000000,0.010000000000
1373619907,576.366000000000,0.025000000000
1373619907,561.587000000000,0.050000000000
1373619994,537.056000000000,0.010000000000
1373619995,537.056000000000,0.025000000000
1373619995,537.056000000000,0.050000000000
1373622405,586.582000000000,0.010000000000
1373622405,586.582000000000,0.025000000000
1373622405,586.582000000000,0.050000000000
1373629936,574.907000000000,0.010000000000
1373629936,574.907000000000,0.025000000000
1373630237,579.544000000000,0.010000000000
1373630237,579.544000000000,0.025000000000
1373634152,591.107000000000,0.010000000000
1373634152,591.107000000000,0.025000000000
1373634152,591.107000000000,0.050000000000
1373646198,557.906000000000,0.010000000000
1373646198,557.906000000000,0.025000000000
1373646198,557.906000000000,0.050000000000
1373655121,552.763000000000,0.010000000000
1373655121,544.388000000000,0.025000000000
1373655121,530.429000000000,0.050000000000
1373655236,515.550000000000,0.010000000000
1373655236,515.550000000000,0.025000000000
1373655236,515.550000000000,0.050000000000
1373655537,515.550000000000,0.010000000000
1373655537,515.550000000000,0.025000000000
1373655538,515.550000000000,0.050000000000
1373669704,550.415000000000,0.010000000000
1373669704,550.415000000000,0.025000000000
1373669704,550.415000000000,0.050000000000
1373678893,535.152000000000,0.010000000000
1373678893,527.044000000000,0.025000000000
1373678893,513.530000000000,0.050000000000
1373679048,500.879000000000,0.010000000000
1373679049,500.879000000000,0.025000000000
1373679049,500.879000000000,0.050000000000
1373679350,500.879000000000,0.010000000000
1373679350,500.879000000000,0.025000000000
1373679350,500.879000000000,0.050000000000
1373683831,524.583000000000,0.010000000000
1373683831,516.635000000000,0.013130000000
1373702357,526.985000000000,0.010000000000
1373702357,519.000000000000,0.025000000000
1373702357,505.693000000000,0.050000000000
1373702547,493.330000000000,0.010000000000
1373702547,493.330000000000,0.025000000000
1373702547,493.330000000000,0.050000000000
1373757008,548.990000000000,0.010000000000
1373758819,567.519000000000,0.010000000000
1373758819,567.519000000000,0.025000000000
1373758819,567.519000000000,0.050000000000
1373872966,555.824000000000,0.010000000000
1373872966,555.824000000000,0.025000000000
1373872966,555.824000000000,0.050000000000
1373873268,556.010000000000,0.010000000000
1373873268,556.010000000000,0.025000000000
1373873268,556.010000000000,0.050000000000
1373874615,543.500000000000,0.010000000000
1373874615,535.265000000000,0.025000000000
1373874615,521.541000000000,0.050000000000
1373874773,510.160000000000,0.010000000000
1373874773,510.160000000000,0.025000000000
1373874773,510.160000000000,0.050000000000
1373903196,581.933000000000,1.000000000000
1373903196,584.786000000000,0.714900000000
1373906532,579.394000000000,0.010000000000
1373906532,579.394000000000,0.025000000000
1373906532,579.394000000000,0.050000000000
1373910441,563.796000000000,0.010000000000
1373910441,555.253000000000,0.025000000000
1373910441,541.016000000000,0.050000000000
1373910452,527.257000000000,0.010000000000
1373910452,527.257000000000,0.025000000000
1373910452,527.257000000000,0.050000000000
1373916858,581.128000000000,1.000000000000
1373916858,583.977000000000,2.000000000000
1373916858,587.568000000000,0.060000000000
1373916858,598.220000000000,1.196320000000
1373966956,575.624000000000,1.000000000000
1373967100,575.624000000000,0.010000000000
1373967100,575.624000000000,0.025000000000
1373967100,575.624000000000,0.050000000000
1373978501,570.000000000000,0.061520000000
1373978505,541.576000000000,0.010000000000
1373978805,540.506000000000,0.010000000000
1373980247,582.104000000000,0.858950000000
1373996994,559.088000000000,0.010000000000
1373996994,550.617000000000,0.025000000000
1373997186,540.348000000000,0.010000000000
1373997186,540.348000000000,0.025000000000
1374014848,549.920000000000,0.001000000000
1374015116,582.000000000000,0.000080000000
1374020613,545.006000000000,0.010000000000
1374020613,536.748000000000,0.025000000000
1374020613,523.445000000000,0.965000000000
1374020696,534.272000000000,0.010000000000
1374020730,532.731000000000,0.025000000000
1374020997,525.031000000000,0.010000000000
1374020997,525.031000000000,0.025000000000
1374066537,539.859000000000,0.010000000000
1374073122,572.000000000000,0.010000000000
1374073122,572.000000000000,0.025000000000
1374073424,572.000000000000,0.010000000000
1374073424,572.000000000000,0.010000000000
1374076736,573.335000000000,0.010000000000
1374076737,573.335000000000,0.025000000000
1374077038,573.524000000000,0.010000000000
1374077038,573.524000000000,0.025000000000
1374111688,571.126000000000,0.010000000000
1374111689,571.126000000000,0.025000000000
1374128887,545.929000000000,0.067270000000
1374135273,502.197000000000,1.000000000000
1374135480,504.974000000000,0.010000000000
1374135481,504.974000000000,0.025000000000
1374176147,499.999000000000,0.010000000000
1374176750,499.999000000000,0.010000000000
1374177051,499.999000000000,0.010000000000
1374177352,499.999000000000,0.010000000000
1374177652,499.999000000000,0.010000000000
1374177953,499.999000000000,0.010000000000
1374178253,499.999000000000,0.006930000000
1374201413,503.317000000000,0.001590000000
1374201440,533.884000000000,0.001490000000
1374266725,530.000000000000,0.010000000000
1374266725,530.000000000000,0.025000000000
1374316652,530.000000000000,0.014810000000
1374316746,541.449000000000,0.010000000000
1374316747,541.449000000000,0.025000000000
1374377921,550.000000000000,0.010000000000
1374378148,548.719000000000,0.025000000000
1374407030,512.164000000000,0.015240000000
1374407030,507.003000000000,0.102090000000
1374407030,504.596000000000,0.010000000000
1374407030,496.951000000000,0.025000000000
1374407286,486.576000000000,0.010000000000
1374407286,486.576000000000,0.025000000000
1374407587,486.576000000000,0.010000000000
1374407587,486.576000000000,0.025000000000
1374417830,535.428000000000,0.010000000000
1374417830,535.428000000000,0.025000000000
1374418132,535.428000000000,0.010000000000
1374418132,535.428000000000,0.025000000000
1374432702,532.042000000000,0.010000000000
1374432702,532.042000000000,0.025000000000
1374443089,535.000000000000,0.116740000000
1374443249,537.937000000000,0.010000000000
1374443250,537.937000000000,0.025000000000
1374443360,535.557000000000,0.883260000000
1374443360,535.557000000000,0.116740000000
1374443390,535.557000000000,0.883260000000
1374443390,535.557000000000,0.050000000000
1374484419,538.000000000000,0.055070000000
1374484419,540.000000000000,0.413650000000
1374501906,513.960000000000,0.250000000000
1374501906,511.067000000000,0.194600000000
1374569229,528.960000000000,0.250000000000
1374569247,544.772000000000,0.500000000000
1374569247,544.772000000000,0.500000000000
1374569513,561.772000000000,0.500000000000
1374569513,553.261000000000,0.500000000000
1374574727,517.247000000000,0.500000000000
1374574727,514.648000000000,0.500000000000
1374574727,514.648000000000,0.500000000000
1374574727,511.000000000000,0.057690000000
1374574727,508.000000000000,0.122340000000
1374574728,507.792000000000,0.500000000000
1374574728,507.792000000000,0.319970000000
1374575099,506.990000000000,0.256400000000
1374575099,502.034000000000,0.500000000000
1374575099,499.511000000000,1.000000000000
1374575099,492.832000000000,1.000000000000
1374575099,491.943000000000,2.000000000000
1374575099,479.863000000000,0.743600000000
1374598483,524.675000000000,0.500000000000
1374598483,522.039000000000,0.500000000000
1374655549,568.591000000000,0.261360000000
1374828916,524.913000000000,0.013000000000
1374850560,524.913000000000,0.487000000000
1374850560,522.275000000000,0.513000000000
1375025002,546.000000000000,0.179130000000
1375033110,564.598000000000,0.500000000000
1375033110,564.598000000000,0.500000000000
1375033110,566.000000000000,0.279000000000
1375033110,572.000000000000,0.221000000000
1375033111,572.000000000000,2.000000000000
1375033413,572.000000000000,0.500000000000
1375033413,572.000000000000,0.437960000000
1375120929,547.267000000000,0.000010000000
1375212974,586.004000000000,1.000000000000
1375267215,628.459000000000,1.193390000000
1375269289,627.774000000000,1.592920000000
1375269311,627.774000000000,0.907080000000
1375269311,657.668000000000,1.262880000000
1375269324,657.668000000000,1.520520000000
1375277584,626.708000000000,0.055840000000
1375281478,618.479000000000,0.500000000000
1375281478,618.479000000000,1.000000000000
1375281478,618.479000000000,1.000000000000
1375281772,631.726000000000,1.000000000000
1375281781,618.479000000000,0.500000000000
1375281782,618.479000000000,1.000000000000
1375282073,631.726000000000,2.000000000000
1375455032,640.369000000000,1.561600000000
1375466859,637.816000000000,1.567850000000
1375482080,631.728000000000,1.022590000000
1375496175,632.776000000000,1.580340000000
1375530872,630.295000000000,4.125050000000
1375551664,580.000000000000,0.167780000000
1375551664,574.000000000000,0.053000000000
1375551664,572.250000000000,0.200000000000
1375754914,622.000000000000,0.049750000000
1375754914,623.000000000000,1.000000000000
1375754914,624.000000000000,0.019800000000
1375754914,624.000000000000,0.054000000000
1375785820,624.000000000000,0.112940000000
1375799875,583.140000000000,0.128000000000
1375803722,639.000000000000,0.260000000000
1375803722,639.620000000000,0.521960000000
1375807955,644.482000000000,1.086140000000
1375811389,644.482000000000,0.775820000000
1375950846,641.356000000000,2.338790000000
1375999947,607.178000000000,1.800000000000
1376056688,594.737000000000,0.011410000000
1376059583,598.347000000000,5.000000000000
1376063405,592.868000000000,3.380000000000
1376305702,600.000000000000,0.250000000000
1376310908,600.000000000000,0.500000000000
1376312576,600.000000000000,0.118760000000
1376313029,600.000000000000,0.500000000000
1376313029,600.000000000000,1.000000000000
1376318455,600.000000000000,2.631240000000
1376318474,603.000000000000,5.000000000000
1376320822,655.000000000000,1.526710000000
1376332036,655.000000000000,0.263290000000
1376332052,662.665000000000,1.000000000000
1376332273,661.789000000000,1.000000000000
1376332298,689.363000000000,1.322550000000
1376396612,623.000000000000,1.000000000000
1376396612,623.450000000000,0.400000000000
1376396612,624.790000000000,0.204260000000
1376465788,645.000000000000,0.018550000000
1376470902,645.000000000000,0.500000000000
1376477682,645.000000000000,0.481450000000
1376477682,645.000000000000,1.844130000000
1376480773,645.000000000000,0.007890000000
1376639977,600.000000000000,0.011620000000
1376640021,645.000000000000,0.010760000000
1376669441,600.000000000000,1.000000000000
1376669442,600.000000000000,0.888380000000
1376669442,600.000000000000,0.193240000000
1376669442,583.000000000000,0.418380000000
1376669443,583.000000000000,0.644620000000
1376740198,605.000000000000,0.330570000000
1376895222,605.000000000000,0.169430000000
1376895222,607.000000000000,0.500000000000
1376895222,608.000000000000,0.330570000000
1376895263,608.000000000000,0.500000000000
1376895263,608.000000000000,1.000000000000
1376895263,608.000000000000,0.169430000000
1376895263,609.000000000000,1.830570000000
1376895264,609.000000000000,0.169430000000
1376895264,610.000000000000,2.000000000000
1376896857,610.000000000000,1.000000000000
1376908864,610.000000000000,0.500000000000
1376909166,610.000000000000,0.070000000000
1376987422,641.027000000000,0.413390000000
1377010813,615.558000000000,0.500000000000
1377010813,610.013000000000,0.500000000000
1377100257,682.035000000000,0.001460000000
1377100275,682.035000000000,0.998540000000
1377100275,778.003000000000,0.407400000000
1377100741,778.049000000000,1.000000000000
1377100811,800.000000000000,0.277430000000
1377155945,750.000000000000,0.100000000000
1377155945,760.000000000000,0.100000000000
1377155945,770.000000000000,0.100000000000
1377155945,780.000000000000,0.100000000000
1377155945,790.000000000000,0.100000000000
1377155945,795.000000000000,3.358100000000
1377155945,800.000000000000,1.182890000000
1377204945,690.000000000000,0.200950000000
1377206012,690.000000000000,0.289850000000
1377302636,690.000000000000,0.509200000000
1377302636,690.000000000000,0.092270000000
1377343565,660.000000000000,0.095980000000
1377343565,655.000000000000,0.004020000000
1377344120,655.000000000000,0.168690000000
1377453177,695.000000000000,0.095500000000
1377453177,705.000000000000,1.000000000000
1377453177,710.000000000000,5.000000000000
1377471114,710.000000000000,0.093020000000
1377471114,710.000000000000,0.304500000000
1377489993,705.000000000000,0.500000000000
1377489993,705.000000000000,0.500000000000
1377489993,710.000000000000,0.500000000000
1377489994,710.000000000000,0.102480000000
1377489994,710.000000000000,1.000000000000
1377489994,710.000000000000,0.897520000000
1377490295,710.000000000000,0.500000000000
1377490295,710.000000000000,1.000000000000
1377490295,710.000000000000,0.602480000000
1377490295,710.000000000000,1.397520000000
1377493394,700.000000000000,2.000000000000
1377493542,690.000000000000,2.220000000000
1377537840,675.000000000000,0.100000000000
1377537840,680.000000000000,0.100000000000
1377537840,685.000000000000,0.100000000000
1377537840,690.000000000000,0.100000000000
1377537840,695.000000000000,0.100000000000
1377537840,699.000000000000,0.500000000000
1377537895,699.000000000000,0.500000000000
1377537896,699.000000000000,1.000000000000
1377537896,700.000000000000,2.000000000000
1377537896,700.000000000000,1.000000000000
1377537922,702.028000000000,0.280000000000
1377552071,676.228000000000,0.001000000000
1377552071,677.000000000000,0.010000000000
1377581323,700.000000000000,0.500000000000
1377581625,700.000000000000,0.500000000000
1377581798,708.000000000000,1.000000000000
1377581798,708.000000000000,1.000000000000
1377581798,710.000000000000,0.500000000000
1377581927,710.000000000000,0.102480000000
1377581927,710.000000000000,0.397520000000
1377581927,710.000000000000,1.000000000000
1377581927,710.000000000000,0.602480000000
1377581927,711.000000000000,1.397520000000
1377581927,711.000000000000,0.212480000000
1377581927,712.000000000000,1.000000000000
1377581927,714.000000000000,0.092560000000
1377581927,715.000000000000,1.000000000000
1377581927,715.000000000000,0.694960000000
1377582099,715.000000000000,1.000000000000
1377582099,715.000000000000,0.305040000000
1377594063,715.561000000000,0.500000000000
1377594063,709.115000000000,0.500000000000
1377594063,709.115000000000,0.500000000000
1377594295,699.994000000000,0.500000000000
1377594295,699.994000000000,0.500000000000
1377608083,720.000000000000,0.000210000000
1377613005,720.000000000000,0.042760000000
1377631083,720.000000000000,0.013880000000
1377631109,710.000000000000,0.010000000000
1377637804,720.000000000000,0.347220000000
1377667680,711.239000000000,0.500000000000
1377667680,710.000000000000,0.082610000000
1377667904,710.000000000000,0.500000000000
1377668901,710.000000000000,0.500000000000
1377669237,710.000000000000,0.417390000000
1377674455,715.000000000000,2.000000000000
1377674455,724.000000000000,0.787290000000
1377708715,723.000000000000,0.092150000000
1377708715,724.000000000000,0.907850000000
1377708715,724.000000000000,0.304860000000
1377708715,725.000000000000,1.195140000000
1377709017,725.000000000000,0.804860000000
1377709017,730.000000000000,0.195140000000
1377709017,730.000000000000,1.404860000000
1377732707,753.469000000000,0.265430000000
1377764304,734.000000000000,0.090320000000
1377764304,713.620000000000,0.278540000000
1377851723,726.052000000000,0.000010000000
1377851746,726.052000000000,0.000010000000
1377851777,726.052000000000,0.000010000000
1377859837,754.000000000000,0.089860000000
1377859837,759.000000000000,0.410140000000
1377874186,759.000000000000,0.500000000000
1377878102,759.000000000000,0.089860000000
1377878102,759.500000000000,0.410140000000
1377878403,759.500000000000,0.500000000000
1377878704,759.500000000000,0.089860000000
1377878704,760.000000000000,0.410140000000
1377879006,760.000000000000,0.500000000000
1377887741,800.000000000000,0.500000000000
1377887741,800.000000000000,1.000000000000
1377887742,800.000000000000,2.000000000000
1377961960,800.000000000000,0.570000000000
1377961960,803.000000000000,0.430000000000
1377961960,803.000000000000,0.070000000000
1377961960,804.000000000000,0.500000000000
1377962082,806.000000000000,0.500000000000
1377962082,806.000000000000,0.500000000000
1377962082,806.616000000000,0.100000000000
1377962082,808.000000000000,0.400000000000
1377962083,808.000000000000,0.100000000000
1377962083,810.000000000000,0.500000000000
1377962083,810.000000000000,0.500000000000
1377962083,811.332000000000,0.100000000000
1377962083,812.000000000000,0.500000000000
1377962083,814.000000000000,0.300000000000
1377962083,814.000000000000,0.200000000000
1377962083,816.000000000000,0.500000000000
1377962083,816.048000000000,0.100000000000
1377962083,818.000000000000,0.500000000000
1377962083,820.000000000000,0.500000000000
1377962083,820.764000000000,0.100000000000
1377962083,822.000000000000,0.500000000000
1377962083,824.000000000000,0.500000000000
1377970040,826.000000000000,0.000010000000
1377970600,826.000000000000,0.000010000000
1377970756,826.000000000000,0.000010000000
1377970908,826.000000000000,0.000010000000
1377991132,794.986000000000,0.500000000000
1377991132,758.000000000000,0.088940000000
1377991134,751.744000000000,0.411060000000
1377991134,769.643000000000,0.088940000000
1377991134,769.643000000000,1.000000000000
1378046710,842.761000000000,0.500000000000
1378046710,842.761000000000,0.500000000000
1378046710,843.000000000000,0.500000000000
1378046710,843.000000000000,0.500000000000
1378046710,843.000000000000,0.500000000000
1378046710,843.000000000000,0.500000000000
1378046710,843.000000000000,0.500000000000
1378074111,839.096000000000,0.001000000000
1378074116,839.096000000000,0.001000000000
1378074132,839.096000000000,0.001000000000
1378074173,839.096000000000,0.010000000000
1378074197,839.096000000000,0.001000000000
1378074254,796.691000000000,0.001000000000
1378109212,826.042000000000,1.000000000000
1378109212,850.000000000000,0.204650000000
1378157981,831.000000000000,0.500000000000
1378195238,832.000000000000,0.500000000000
1378195238,834.477000000000,0.075490000000
1378197411,826.560000000000,0.120980000000
1378197981,826.518000000000,1.000000000000
1378197981,835.000000000000,0.500000000000
1378197981,839.000000000000,0.500000000000
1378197981,846.000000000000,0.500000000000
1378197981,846.197000000000,1.500000000000
1378197981,847.000000000000,0.500000000000
1378197981,851.000000000000,0.500000000000
1378197981,855.000000000000,0.500000000000
1378197981,859.000000000000,0.500000000000
1378197981,863.000000000000,0.500000000000
1378197981,865.877000000000,1.750000000000
1378197981,867.000000000000,0.500000000000
1378197981,871.000000000000,0.500000000000
1378197981,875.000000000000,0.500000000000
1378197981,879.000000000000,0.500000000000
1378197981,883.000000000000,0.500000000000
1378197981,886.000000000000,0.500000000000
1378197981,887.000000000000,0.500000000000
1378197981,891.000000000000,0.500000000000
1378197981,895.000000000000,0.500000000000
1378197981,899.000000000000,0.500000000000
1378197981,903.000000000000,0.500000000000
1378197981,946.371000000000,1.000000000000
1378197981,985.804000000000,2.000000000000
1378197981,1000.000000000000,4.805420000000
1378217392,945.355000000000,1.000000000000
1378217392,950.000000000000,0.057520000000
1378241867,834.757000000000,0.250000000000
1378241867,838.909000000000,0.250000000000
1378241868,839.000000000000,0.500000000000
1378241868,839.279000000000,0.250000000000
1378241868,840.693000000000,0.250000000000
1378242170,835.268000000000,0.250000000000
1378242170,843.000000000000,0.250000000000
1378272458,793.117000000000,0.068550000000
1378272458,784.333000000000,0.500000000000
1378272458,777.267000000000,0.048450000000
1378280663,830.600000000000,0.200000000000
1378280663,831.476000000000,0.221140000000
1378302317,832.229000000000,0.500000000000
1378302317,835.918000000000,0.500000000000
1378302317,839.395000000000,0.500000000000
1378302317,839.395000000000,0.500000000000
1378302317,839.861000000000,0.388790000000
1378323054,776.821000000000,0.212700000000
1378327772,795.202000000000,0.500000000000
1378327772,795.387000000000,0.500000000000
1378327772,798.549000000000,0.500000000000
1378327772,798.808000000000,0.500000000000
1378327772,799.063000000000,0.500000000000
1378327772,800.156000000000,0.500000000000
1378327772,801.642000000000,0.500000000000
1378331469,779.163000000000,0.500000000000
1378331469,779.768000000000,0.500000000000
1378331469,784.382000000000,0.500000000000
1378331469,788.996000000000,0.500000000000
1378331469,801.712000000000,0.500000000000
1378331469,804.495000000000,0.500000000000
1378332003,804.874000000000,0.500000000000
1378332003,806.021000000000,0.500000000000
1378332003,806.531000000000,0.500000000000
1378332003,808.037000000000,0.500000000000
1378332003,808.206000000000,0.500000000000
1378332003,808.379000000000,0.500000000000
1378332003,811.073000000000,0.500000000000
1378332003,811.199000000000,0.500000000000
1378332003,812.005000000000,0.500000000000
1378332003,813.999000000000,0.500000000000
1378332003,814.362000000000,0.500000000000
1378332003,814.686000000000,0.500000000000
1378332089,892.510000000000,1.000000000000
1378332902,892.510000000000,1.000000000000
1378333204,892.510000000000,0.700000000000
1378334333,800.000000000000,0.540000000000
1378348208,800.000000000000,0.430000000000
1378386022,765.234000000000,0.500000000000
1378386022,787.415000000000,0.125920000000
1378390611,787.415000000000,0.374080000000
1378390611,787.459000000000,0.500000000000
1378390611,788.282000000000,0.395430000000
1378403734,813.500000000000,0.500000000000
1378405552,813.533000000000,0.500000000000
1378413409,813.574000000000,0.500000000000
1378413409,814.384000000000,0.500000000000
1378413409,814.445000000000,0.500000000000
1378413711,815.906000000000,0.500000000000
1378421768,780.100000000000,0.500000000000
1378421769,780.100000000000,0.018800000000
1378421769,780.000000000000,0.481200000000
1378421770,780.000000000000,0.500000000000
1378421770,780.000000000000,0.500000000000
1378421771,780.000000000000,0.500000000000
1378421772,780.000000000000,0.500000000000
1378421773,780.000000000000,0.500000000000
1378421774,780.000000000000,0.500000000000
1378421775,780.000000000000,0.500000000000
1378421775,780.000000000000,0.500000000000
1378421776,780.000000000000,0.500000000000
1378421777,780.000000000000,0.128800000000
1378444063,779.452000000000,0.018220000000
1378474832,807.500000000000,0.500000000000
1378474832,809.766000000000,0.250000000000
1378474832,811.516000000000,0.250000000000
1378474832,812.444000000000,0.500000000000
1378474832,813.265000000000,0.250000000000
1378474832,815.015000000000,0.099860000000
1378475930,815.015000000000,0.150140000000
1378475930,815.194000000000,0.500000000000
1378475930,816.764000000000,0.250000000000
1378475930,817.943000000000,0.500000000000
1378475930,818.514000000000,0.250000000000
1378475930,820.263000000000,0.250000000000
1378475930,820.693000000000,0.500000000000
1378475930,822.013000000000,0.250000000000
1378475930,823.442000000000,0.500000000000
1378475930,823.762000000000,0.250000000000
1378475930,825.512000000000,0.250000000000
1378475930,826.191000000000,0.500000000000
1378475930,827.261000000000,0.250000000000
1378475930,828.941000000000,0.500000000000
1378475930,829.011000000000,0.250000000000
1378475930,830.760000000000,0.250000000000
1378475930,831.690000000000,0.069700000000
1378481855,831.690000000000,0.120230000000
1378482857,760.000000000000,0.001000000000
1378482929,831.690000000000,0.001000000000
1378483037,831.690000000000,0.000100000000
1378537964,760.100000000000,0.001000000000
1378544933,760.100000000000,0.001000000000
1378545221,760.100000000000,0.526600000000
1378545265,760.000000000000,0.999000000000
1378563320,766.226000000000,0.200000000000
1378563320,788.446000000000,0.250000000000
1378563320,789.425000000000,0.250000000000
1378563320,797.666000000000,0.250000000000
1378563320,800.369000000000,0.250000000000
1378563320,811.312000000000,0.250000000000
1378563320,822.256000000000,0.250000000000
1378563320,831.250000000000,0.250000000000
1378563320,831.690000000000,0.308970000000
1378563320,832.510000000000,0.250000000000
1378563320,833.200000000000,0.250000000000
1378563320,834.259000000000,0.250000000000
1378563320,834.440000000000,0.500000000000
1378563320,836.009000000000,0.250000000000
1378563320,837.189000000000,0.500000000000
1378563320,837.758000000000,0.250000000000
1378563320,839.508000000000,0.250000000000
1378563320,839.938000000000,0.500000000000
1378563320,841.257000000000,0.250000000000
1378563320,842.688000000000,0.500000000000
1378563320,843.007000000000,0.046080000000
1378567788,688.131000000000,0.010000000000
1378567793,688.131000000000,0.010000000000
1378586459,685.936000000000,0.000100000000
1378586468,779.519000000000,0.000100000000
1378668013,682.728000000000,0.000010000000
1378674329,766.941000000000,0.400000000000
1378674329,767.006000000000,0.200000000000
1378674329,768.176000000000,0.200000000000
1378674329,768.306000000000,0.300000000000
1378674329,769.801000000000,0.007390000000
1378712276,676.942000000000,0.000010000000
1378712326,676.942000000000,0.000020000000
1378716564,679.251000000000,0.000100000000
1378717437,677.461000000000,0.000100000000
1378734146,762.426000000000,0.001310000000
1378738191,706.819000000000,0.010000000000
1378745867,706.819000000000,0.000100000000
1378753673,788.028000000000,0.500000000000
1378753673,792.456000000000,0.200000000000
1378753673,793.135000000000,0.500000000000
1378753673,795.990000000000,0.200000000000
1378753673,796.735000000000,0.300000000000
1378753673,797.209000000000,0.200000000000
1378753673,798.493000000000,0.200000000000
1378753673,799.136000000000,0.300000000000
1378753673,802.833000000000,0.300000000000
1378753673,804.058000000000,0.200000000000
1378753673,806.137000000000,0.500000000000
1378753673,807.662000000000,0.357940000000
1378756342,759.747000000000,0.001000000000
1378756582,759.656000000000,0.001000000000
1378756708,759.471000000000,0.001000000000
1378756772,759.471000000000,0.999000000000
1378763865,706.819000000000,0.214930000000
1378763865,690.000000000000,1.769070000000
1378827730,715.804000000000,0.400000000000
1378827730,709.214000000000,0.500000000000
1378827730,704.511000000000,0.050000000000
1378855854,707.132000000000,0.000010000000
1378906926,709.433000000000,0.260000000000
1378906926,709.253000000000,0.200000000000
1378906926,707.258000000000,0.157000000000
1378907132,745.634000000000,1.000000000000
1378907132,746.004000000000,0.250000000000
1378907132,747.039000000000,0.340000000000
1378907132,749.818000000000,0.200000000000
1378907132,756.390000000000,0.200000000000
1378907132,757.819000000000,0.400000000000
1378907132,762.962000000000,0.200000000000
1378907132,766.216000000000,0.200000000000
1378907132,766.983000000000,0.200000000000
1378907132,767.749000000000,0.200000000000
1378907132,768.515000000000,0.200000000000
1378907132,769.281000000000,0.200000000000
1378907132,769.535000000000,0.200000000000
1378907132,775.307000000000,0.200000000000
1378907132,776.107000000000,0.200000000000
1378907132,777.709000000000,0.400000000000
1378907132,777.834000000000,0.146410000000
1378907811,709.433000000000,0.380000000000
1378907811,707.258000000000,0.043000000000
1378907811,700.417000000000,0.200000000000
1378907811,700.000000000000,0.740000000000
1378913142,709.433000000000,0.380000000000
1378913235,700.000000000000,0.423000000000
1378920505,746.004000000000,0.330000000000
1378920505,769.502000000000,0.380000000000
1378920505,777.834000000000,0.053590000000
1378920505,778.022000000000,0.400000000000
1378920505,779.212000000000,0.139260000000
1378924481,746.004000000000,0.270000000000
1378924481,776.354000000000,0.294220000000
1378934507,714.000000000000,7.592000000000
1378945809,714.000000000000,0.500000000000
1378951201,714.000000000000,0.270000000000
1378978144,770.452000000000,0.990000000000
1378978144,779.268000000000,0.176130000000
1378993096,714.001000000000,1.062000000000
1378993096,714.000000000000,1.253360000000
1378999143,789.579000000000,0.006910000000
1379023602,728.390000000000,0.000010000000
1379024694,729.000000000000,0.000010000000
1379024694,730.000000000000,0.000010000000
1379024694,731.000000000000,0.000010000000
1379024694,732.000000000000,0.000010000000
1379025661,730.454000000000,0.000020000000
1379025766,730.454000000000,0.000010000000
1379025891,730.454000000000,0.000010000000
1379025957,730.454000000000,0.000010000000
1379025999,730.454000000000,0.000010000000
1379078880,772.384000000000,1.059680000000
1379080943,772.384000000000,0.540320000000
1379082051,781.545000000000,0.459680000000
1379082051,781.545000000000,1.000000000000
1379082051,781.545000000000,0.000100000000
1379082051,782.854000000000,0.260000000000
1379082051,782.976000000000,0.350000000000
1379082051,783.191000000000,0.230000000000
1379082051,783.313000000000,0.257110000000
1379182889,714.001000000000,0.000010000000
1379338268,764.460000000000,0.200000000000
1379338268,767.032000000000,0.460000000000
1379338268,769.010000000000,0.460000000000
1379338268,769.248000000000,0.230000000000
1379338268,769.431000000000,0.200000000000
1379338268,769.553000000000,0.490000000000
1379338268,769.675000000000,0.280000000000
1379338268,770.468000000000,0.250000000000
1379338268,771.506000000000,0.400000000000
1379338268,772.104000000000,0.200000000000
1379338268,772.727000000000,0.500000000000
1379338268,773.215000000000,0.300000000000
1379338268,773.459000000000,0.230000000000
1379338268,773.704000000000,0.200000000000
1379338268,773.948000000000,0.430000000000
1379338268,774.070000000000,0.300000000000
1379338268,774.436000000000,0.350000000000
1379338268,775.169000000000,0.360000000000
1379338268,775.230000000000,0.300000000000
1379338268,776.206000000000,0.500000000000
1379338268,776.267000000000,0.450000000000
1379338268,776.389000000000,0.270000000000
1379338268,777.244000000000,0.310000000000
1379338268,777.366000000000,0.370000000000
1379338268,777.488000000000,0.400000000000
1379338268,777.793000000000,0.470000000000
1379338268,777.976000000000,0.430000000000
1379338268,778.038000000000,0.450000000000
1379338268,779.257000000000,0.460000000000
1379338268,779.749000000000,0.200000000000
1379338268,784.963000000000,0.230000000000
1379338268,787.393000000000,0.200000000000
1379338268,788.599000000000,0.430000000000
1379338268,793.439000000000,0.240000000000
1379338268,794.493000000000,0.430000000000
1379338268,795.038000000000,0.200000000000
1379338268,795.546000000000,0.250000000000
1379338268,796.339000000000,0.220000000000
1379338268,798.095000000000,0.250000000000
1379338268,800.000000000000,2.047660000000
1379338268,801.830000000000,0.240000000000
1379338268,802.683000000000,0.200000000000
1379338489,803.000000000000,0.490000000000
1379338490,803.000000000000,0.122340000000
1379339087,773.000000000000,0.450000000000
1379339087,770.000000000000,0.030000000000
1379342018,774.031000000000,0.367660000000
1379342018,774.031000000000,0.200000000000
1379342018,780.847000000000,0.432340000000
1379342408,774.210000000000,0.390000000000
1379342807,780.847000000000,0.057660000000
1379342807,781.771000000000,0.200000000000
1379342807,787.663000000000,0.490000000000
1379342807,789.511000000000,0.200000000000
1379342807,794.480000000000,0.490000000000
1379342807,797.251000000000,0.200000000000
1379342807,803.330000000000,0.450000000000
1379342807,804.992000000000,0.200000000000
1379342807,807.848000000000,0.230000000000
1379342807,812.732000000000,0.200000000000
1379342807,821.962000000000,0.330000000000
1379342807,823.263000000000,0.220000000000
1379342807,825.000000000000,4.147680000000
1379410300,767.141000000000,0.260700000000
1379414644,740.151000000000,0.001000000000
1379414991,768.757000000000,0.000010000000
1379426342,762.413000000000,0.000100000000
1379426385,762.413000000000,0.000100000000
1379426426,762.413000000000,0.000100000000
1379426471,762.413000000000,0.000100000000
1379426814,763.066000000000,0.000100000000
1379426814,768.129000000000,0.480000000000
1379426814,769.362000000000,0.290000000000
1379426814,769.544000000000,0.210000000000
1379426814,769.786000000000,0.450000000000
1379426814,770.028000000000,0.270000000000
1379426814,770.754000000000,0.249350000000
1379427603,766.200000000000,0.000100000000
1379427705,769.621000000000,0.000100000000
1379427705,770.088000000000,0.310000000000
1379427705,770.754000000000,0.060650000000
1379427705,770.776000000000,0.370000000000
1379427705,772.689000000000,0.220000000000
1379427705,772.712000000000,0.300000000000
1379427705,773.696000000000,0.210000000000
1379427705,773.704000000000,0.230000000000
1379427705,773.734000000000,0.300000000000
1379427705,773.839000000000,0.230000000000
1379427705,773.880000000000,0.200000000000
1379427705,773.937000000000,0.260000000000
1379427705,773.970000000000,0.220000000000
1379427705,773.980000000000,0.280000000000
1379427705,774.168000000000,0.210000000000
1379427705,774.643000000000,0.270000000000
1379427705,775.752000000000,0.270000000000
1379427705,776.056000000000,0.320000000000
1379427705,776.142000000000,0.370000000000
1379427705,776.685000000000,0.270000000000
1379427705,776.707000000000,0.450000000000
1379427705,776.970000000000,0.230000000000
1379427705,777.230000000000,0.310000000000
1379427705,777.411000000000,0.200000000000
1379427705,777.435000000000,0.260000000000
1379427705,777.541000000000,0.300000000000
1379427705,779.375000000000,0.280000000000
1379427705,779.846000000000,0.360000000000
1379427705,780.942000000000,0.200000000000
1379427705,782.373000000000,0.270000000000
1379427705,782.689000000000,0.420000000000
1379427705,784.000000000000,1.000000000000
1379427705,786.453000000000,0.270000000000
1379427705,788.189000000000,0.310000000000
1379427705,788.993000000000,0.270000000000
1379427705,790.969000000000,0.350000000000
1379427705,792.000000000000,0.885210000000
1379503405,781.807000000000,0.000100000000
1379503405,786.087000000000,0.390000000000
1379503405,786.770000000000,0.350000000000
1379503405,786.894000000000,0.470000000000
1379503405,786.956000000000,0.210000000000
1379503405,788.446000000000,0.490000000000
1379503405,804.869000000000,0.450000000000
1379503405,805.581000000000,0.420000000000
1379503405,805.817000000000,1.000000000000
1379503405,807.841000000000,0.270000000000
1379503405,813.717000000000,1.000000000000
1379503405,820.484000000000,0.220000000000
1379503405,821.618000000000,1.000000000000
1379503405,822.935000000000,0.450000000000
1379503405,824.999000000000,1.115790000000
1379503405,825.000000000000,0.852320000000
1379503405,829.518000000000,1.000000000000
1379503405,830.000000000000,2.569150000000
1379531043,789.167000000000,0.011000000000
1379531043,791.796000000000,0.000100000000
1379531043,795.082000000000,0.370000000000
1379531043,805.116000000000,0.244750000000
1379531197,786.589000000000,0.000100000000
1379531197,805.116000000000,0.005250000000
1379531197,829.990000000000,3.247870000000
1379573771,783.263000000000,0.210000000000
1379615801,764.590000000000,0.260000000000
1379662661,771.414000000000,0.000730000000
1379684371,771.414000000000,0.003300000000
1379747343,771.414000000000,0.345970000000
1379869708,777.624000000000,0.223370000000
1379916016,765.000000000000,0.750000000000
1379916016,763.401000000000,4.396510000000
1379916016,763.400000000000,7.920790000000
1379922859,763.400000000000,1.608410000000
1379922990,752.001000000000,0.011480000000
1379938224,750.000000000000,6.371790000000
1379938224,777.624000000000,0.036630000000
1379938224,784.142000000000,0.260000000000
1379938224,786.827000000000,0.166250000000
1380032037,785.000000000000,0.015000000000
1380032037,786.827000000000,0.043750000000
1380032037,790.391000000000,0.210000000000
1380032037,790.659000000000,0.260000000000
1380032037,793.956000000000,0.210000000000
1380032037,797.176000000000,0.260000000000
1380032037,797.520000000000,0.210000000000
1380032037,797.999000000000,0.777910000000
1380116822,768.500000000000,0.030000000000
1380116822,787.351000000000,0.290000000000
1380116822,788.158000000000,0.290000000000
1380116822,788.239000000000,0.200000000000
1380116822,788.449000000000,0.210000000000
1380116822,789.867000000000,0.280000000000
1380116822,790.294000000000,0.250000000000
1380116822,790.536000000000,0.226540000000
1380202074,784.990000000000,0.009500000000
1380202074,787.264000000000,0.250000000000
1380202074,790.536000000000,0.063460000000
1380202074,790.645000000000,0.210000000000
1380202074,791.080000000000,0.226930000000
1380208697,791.080000000000,0.113070000000
1380208697,791.328000000000,0.450000000000
1380208697,792.001000000000,0.310000000000
1380208697,792.474000000000,0.280000000000
1380208697,792.735000000000,0.260000000000
1380208697,792.841000000000,0.210000000000
1380208697,792.913000000000,0.290000000000
1380208697,793.523000000000,0.250000000000
1380208697,793.981000000000,0.290000000000
1380208697,795.037000000000,0.210000000000
1380208697,795.081000000000,0.280000000000
1380208697,796.752000000000,0.250000000000
1380208697,797.234000000000,0.210000000000
1380208697,798.711000000000,0.260000000000
1380208697,799.430000000000,0.210000000000
1380208697,799.981000000000,0.250000000000
1380208697,801.626000000000,0.210000000000
1380208697,802.260000000000,0.310000000000
1380208697,803.210000000000,0.250000000000
1380208697,803.822000000000,0.132220000000
1380239280,786.000000000000,0.220000000000
1380239280,787.866000000000,0.220000000000
1380239280,787.957000000000,0.260000000000
1380239280,788.345000000000,0.200000000000
1380239280,788.430000000000,0.210000000000
1380239280,788.723000000000,0.220000000000
1380239280,789.019000000000,0.420000000000
1380239280,789.022000000000,0.370000000000
1380239280,789.124000000000,0.260000000000
1380239280,789.176000000000,0.200000000000
1380239280,790.291000000000,0.260000000000
1380239280,791.459000000000,0.260000000000
1380239280,792.626000000000,0.260000000000
1380239280,793.794000000000,0.260000000000
1380239280,794.961000000000,0.260000000000
1380239280,796.128000000000,0.260000000000
1380239280,796.296000000000,0.330000000000
1380239280,797.296000000000,0.260000000000
1380239280,798.463000000000,0.260000000000
1380239280,799.630000000000,0.063410000000
1380384050,800.629000000000,0.200000000000
1380384050,800.798000000000,0.260000000000
1380384050,801.132000000000,0.260000000000
1380384050,801.302000000000,0.420000000000
1380384050,801.358000000000,0.108340000000
1380386296,751.002000000000,0.056030000000
1380386296,750.001000000000,0.823560000000
1380386296,750.000000000000,1.433410000000
1380558334,801.250000000000,0.055750000000
1380558334,801.357000000000,0.193830000000
1380610342,750.000000000000,0.166590000000
1380610342,750.000000000000,0.059260000000
1380610342,722.610000000000,0.218150000000
1380615691,798.675000000000,0.270000000000
1380616260,798.675000000000,0.806170000000
1380616291,798.675000000000,0.073830000000
1380621181,798.864000000000,0.260000000000
1380621181,800.819000000000,0.380000000000
1380621181,801.357000000000,0.136340000000
1380628834,800.000000000000,0.080000000000
1380704146,797.814000000000,0.125340000000
1380725873,797.814000000000,0.074660000000
1380725873,800.000000000000,0.058970000000
1380725873,800.000000000000,1.241570000000
1380730860,775.000000000000,0.645160000000
1380730860,775.000000000000,0.060570000000
1380733640,735.000000000000,1.000000000000
1380733941,725.000000000000,0.150870000000
1380733941,725.000000000000,0.849130000000
1380734141,725.000000000000,1.000000000000
1380734243,725.000000000000,0.750870000000
1380734243,723.923000000000,0.249130000000
1380734544,723.923000000000,0.000870000000
1380734544,723.637000000000,0.280000000000
1380734544,722.610000000000,0.051850000000
1380735749,720.000000000000,1.000000000000
1380736051,720.000000000000,0.185000000000
1380736051,717.533000000000,0.400000000000
1380736051,716.733000000000,0.260000000000
1380736051,716.107000000000,0.155000000000
1380736354,711.255000000000,0.200000000000
1380736353,716.107000000000,0.275000000000
1380736353,716.022000000000,0.420000000000
1380736353,715.272000000000,0.290000000000
1380736353,714.697000000000,0.015000000000
1380736353,714.697000000000,0.245000000000
1380736353,713.016000000000,1.000000000000
1380736353,712.740000000000,0.430000000000
1380736353,712.662000000000,0.260000000000
1380736353,712.528000000000,0.065000000000
1380736354,712.528000000000,0.225000000000
1380736354,712.072000000000,0.240000000000
1380736354,710.627000000000,0.260000000000
1380736354,709.764000000000,0.450000000000
1380736354,709.547000000000,0.220000000000
1380736354,709.546000000000,0.300000000000
1380736354,709.418000000000,0.290000000000
1380736354,709.374000000000,0.430000000000
1380736354,708.660000000000,0.200000000000
1380736354,708.348000000000,0.185000000000
1380736544,708.348000000000,0.015000000000
1380736544,708.178000000000,0.420000000000
1380736544,707.875000000000,0.420000000000
1380736544,707.419000000000,0.200000000000
1380736544,706.888000000000,0.310000000000
1380736544,706.432000000000,0.240000000000
1380736544,706.269000000000,0.420000000000
1380736544,706.237000000000,0.380000000000
1380736544,706.177000000000,0.200000000000
1380736544,706.008000000000,0.430000000000
1380736544,705.200000000000,0.310000000000
1380736544,704.936000000000,0.200000000000
1380736544,704.664000000000,0.420000000000
1380736544,704.525000000000,0.400000000000
1380736544,704.470000000000,0.220000000000
1380736544,703.920000000000,0.415000000000
1380736598,703.920000000000,0.085000000000
1380736598,703.695000000000,0.200000000000
1380736598,703.563000000000,0.290000000000
1380736598,703.279000000000,0.250000000000
1380736598,703.058000000000,0.420000000000
1380736598,702.453000000000,0.200000000000
1380736598,701.452000000000,0.420000000000
1380736598,701.251000000000,0.220000000000
1380736598,701.212000000000,0.200000000000
1380736598,701.083000000000,0.450000000000
1380736598,700.475000000000,0.210000000000
1380736598,699.970000000000,0.200000000000
1380736598,699.847000000000,0.420000000000
1380736598,699.394000000000,0.220000000000
1380736598,698.729000000000,0.200000000000
1380736598,698.241000000000,0.420000000000
1380736598,698.208000000000,0.360000000000
1380736598,697.505000000000,0.235000000000
1380736636,697.505000000000,0.025000000000
1380736636,697.488000000000,0.200000000000
1380736636,697.373000000000,0.250000000000
1380736636,696.429000000000,0.370000000000
1380736636,696.246000000000,0.200000000000
1380736636,695.711000000000,0.280000000000
1380736636,695.541000000000,0.210000000000
1380736636,695.005000000000,0.200000000000
1380736636,694.317000000000,0.220000000000
1380736636,693.763000000000,0.200000000000
1380736636,692.522000000000,0.200000000000
1380736636,691.585000000000,0.350000000000
1380736636,691.467000000000,0.250000000000
1380736636,691.280000000000,0.200000000000
1380736636,690.932000000000,0.280000000000
1380736636,690.606000000000,0.210000000000
1380736636,684.186000000000,1.000000000000
1380736657,666.181000000000,1.000000000000
1380736657,666.181000000000,0.500000000000
1380736657,648.176000000000,1.500000000000
1380737002,648.176000000000,0.250000000000
1380737002,630.172000000000,0.230000000000
1380737004,630.172000000000,0.480000000000
1380737006,630.172000000000,0.480000000000
1380737007,630.172000000000,0.480000000000
1380737009,630.172000000000,0.330000000000
1380737087,570.008000000000,0.440000000000
1380737088,570.008000000000,0.060000000000
1380737088,564.873000000000,0.250000000000
1380737089,564.873000000000,0.440000000000
1380737089,564.873000000000,0.310000000000
1380737090,556.314000000000,0.440000000000
1380737090,556.314000000000,0.310000000000
1380737091,556.314000000000,0.310000000000
1380737111,556.664000000000,0.310000000000
1380737173,577.843000000000,0.310000000000
1380737173,579.246000000000,0.440000000000
1380737173,579.989000000000,0.150000000000
1380737244,581.742000000000,0.480000000000
1380737365,597.829000000000,0.420000000000
1380737365,598.112000000000,0.440000000000
1380737389,599.268000000000,0.480000000000
1380738269,680.000000000000,0.355000000000
1380739472,698.696000000000,0.230000000000
1380739674,711.499000000000,0.350000000000
1380739674,712.258000000000,0.150000000000
1380739674,712.258000000000,0.050000000000
1380739674,713.170000000000,0.390000000000
1380739674,715.409000000000,0.200000000000
1380739674,715.453000000000,0.360000000000
1380739675,715.453000000000,0.030000000000
1380739675,717.737000000000,0.390000000000
1380739675,718.560000000000,0.200000000000
1380739675,719.309000000000,0.330000000000
1380739675,720.020000000000,0.390000000000
1380739675,720.379000000000,0.340000000000
1380739675,721.711000000000,0.200000000000
1380739675,722.303000000000,0.120000000000
1380750591,670.000000000000,0.410000000000
1380750592,670.000000000000,0.410000000000
1380750858,670.000000000000,0.450000000000
1380751160,670.000000000000,0.320000000000
1380751760,670.000000000000,0.370000000000
1380752058,670.000000000000,0.270000000000
1380752367,670.000000000000,0.440000000000
1380752659,670.000000000000,0.370000000000
1380752969,670.000000000000,0.400000000000
1380753287,670.000000000000,0.330000000000
1380753558,670.000000000000,0.440000000000
1380753865,670.000000000000,0.370000000000
1380754201,670.000000000000,0.069000000000
1380815944,680.535000000000,0.500000000000
1380815944,675.546000000000,0.450000000000
1380815944,674.404000000000,0.418000000000
1380826170,721.550000000000,0.460000000000
1380826170,724.550000000000,0.040000000000
1380826171,724.550000000000,0.450000000000
1380826171,724.798000000000,0.490000000000
1380826171,724.985000000000,0.060000000000
1380826171,724.985000000000,0.420000000000
1380826171,725.087000000000,0.320000000000
1380826171,725.177000000000,0.220000000000
1380826171,725.401000000000,0.370000000000
1380826171,725.590000000000,0.330000000000
1380826171,726.132000000000,0.200000000000
1380826171,726.374000000000,0.140000000000
1380839304,719.642000000000,0.013800000000
1380875307,727.485000000000,0.380000000000
1380875307,727.607000000000,0.211040000000
1380887321,727.607000000000,0.248960000000
1380887416,729.132000000000,0.310000000000
1380887416,734.108000000000,0.330000000000
1380887416,735.497000000000,0.500000000000
1380887416,737.967000000000,0.222180000000
1380894332,737.967000000000,0.135500000000
1380894979,722.442000000000,0.500000000000
1380894979,715.934000000000,0.014000000000
1380968731,740.000000000000,0.304050000000
1380968840,740.000000000000,1.047300000000
1380970577,740.000000000000,0.270270000000
1380971472,740.000000000000,1.013510000000
1381035999,740.000000000000,0.135130000000
1381062719,758.432000000000,0.430000000000
1381062719,758.494000000000,0.070000000000
1381062719,758.494000000000,0.310000000000
1381062719,758.618000000000,0.330000000000
1381062719,758.928000000000,0.360000000000
1381091660,758.804000000000,0.131780000000
1381130122,700.000000000000,0.805000000000
1381231163,715.636000000000,0.250000000000
1381231163,715.519000000000,0.470000000000
1381231163,700.000000000000,0.285000000000
1381235499,753.681000000000,0.500000000000
1381235500,754.416000000000,0.350000000000
1381235500,755.150000000000,0.310000000000
1381235500,755.517000000000,0.310000000000
1381235500,755.639000000000,0.030000000000
1381316393,697.401000000000,0.340000000000
1381316393,696.485000000000,0.270000000000
1381316393,695.168000000000,0.490000000000
1381316393,695.168000000000,0.251000000000
1381324401,755.000000000000,0.264900000000
1381330571,755.000000000000,0.235100000000
1381330571,755.000000000000,0.094090000000
1381330571,770.000000000000,0.975920000000
1381344216,770.000000000000,1.298700000000
1381394828,770.000000000000,1.260000000000
1381415471,770.000000000000,0.259740000000
1381415734,770.000000000000,1.205640000000
1381415734,780.000000000000,5.000000000000
1381415734,788.001000000000,0.440000000000
1381415734,788.063000000000,0.310000000000
1381415734,788.251000000000,0.270000000000
1381415734,788.878000000000,0.280000000000
1381415734,789.128000000000,0.440000000000
1381415734,789.334000000000,0.450000000000
1381415734,790.000000000000,4.360140000000
1381431297,785.923000000000,0.400000000000
1381431297,790.000000000000,1.627380000000
1381439996,790.000000000000,0.425200000000
1381439996,790.256000000000,0.240000000000
1381439996,790.993000000000,0.330000000000
1381439996,791.696000000000,0.300000000000
1381439996,791.822000000000,0.330000000000
1381439996,791.884000000000,0.430000000000
1381439996,791.947000000000,0.450000000000
1381439996,792.072000000000,0.022350000000
1381592028,735.217000000000,0.276730000000
1381691583,800.000000000000,1.000000000000
1381691279,800.000000000000,1.000000000000
1381702213,800.000000000000,1.000000000000
1381702216,800.000000000000,1.500000000000
1381718079,800.000000000000,0.260000000000
1381718347,800.000000000000,0.330000000000
1381718650,800.000000000000,0.420000000000
1381718945,800.000000000000,0.240000000000
1381719249,800.000000000000,0.260000000000
1381719562,800.000000000000,0.074550000000
1381759692,827.539000000000,0.390000000000
1381759692,832.066000000000,0.210000000000
1381759692,833.779000000000,0.230000000000
1381759692,836.136000000000,0.420000000000
1381759692,836.381000000000,0.183620000000
1381763760,829.619000000000,0.001190000000
1381782892,821.970000000000,0.390000000000
1381782892,836.381000000000,0.026380000000
1381782892,837.648000000000,0.777630000000
1381841851,822.943000000000,0.250000000000
1381841851,823.023000000000,0.290000000000
1381841851,823.084000000000,0.064490000000
1381853308,837.648000000000,0.222370000000
1381853308,839.449000000000,0.360000000000
1381853308,839.712000000000,0.129240000000
1381853450,842.714000000000,0.260000000000
1381853483,845.390000000000,0.182910000000
1381856037,845.390000000000,0.027090000000
1381856037,846.375000000000,0.300000000000
1381856037,846.584000000000,0.390000000000
1381856037,846.855000000000,0.220000000000
1381856037,847.792000000000,0.062910000000
1381856038,847.792000000000,0.197090000000
1381856038,848.485000000000,0.490000000000
1381856038,848.553000000000,0.390000000000
1381856038,849.488000000000,0.200000000000
1381856038,849.554000000000,0.222910000000
1381873287,853.370000000000,0.470000000000
1381873287,853.545000000000,0.490000000000
1381873287,854.041000000000,0.040000000000
1381908597,892.606000000000,0.210000000000
1381908597,895.283000000000,0.210000000000
1381908597,896.012000000000,0.270000000000
1381908597,898.012000000000,0.410000000000
1381908597,898.248000000000,0.010500000000
1381908614,898.248000000000,0.000030000000
1381928653,850.667000000000,0.370000000000
1381928653,846.247000000000,0.410000000000
1381928653,840.463000000000,0.220000000000
1381928931,856.665000000000,0.200000000000
1381929822,893.278000000000,0.200000000000
1381929822,898.248000000000,0.189470000000
1381929822,898.389000000000,0.330000000000
1381929822,898.793000000000,0.056940000000
1381930173,868.262000000000,0.290000000000
1381930173,840.463000000000,0.180000000000
1381930173,837.025000000000,0.410000000000
1381930173,835.423000000000,0.120000000000
1381930433,853.463000000000,0.360000000000
1381932418,894.494000000000,0.320000000000
1381932418,898.793000000000,0.203060000000
1381932418,901.234000000000,0.410000000000
1381932418,901.700000000000,0.200000000000
1381932418,903.266000000000,0.400000000000
1381932418,904.016000000000,0.210000000000
1381932418,904.457000000000,0.410000000000
1381932599,904.989000000000,0.200000000000
1381932926,906.939000000000,0.370000000000
1381932926,907.679000000000,0.410000000000
1381932926,908.084000000000,0.360000000000
1381932926,908.115000000000,0.400000000000
1381932926,910.122000000000,0.200000000000
1381932926,910.464000000000,0.410000000000
1381932926,910.901000000000,0.410000000000
1381932926,912.334000000000,0.360000000000
1381932926,912.431000000000,0.217420000000
1381932953,912.431000000000,0.000080000000
1381942030,823.861000000000,0.480000000000
1381942030,818.581000000000,0.410000000000
1381942030,809.359000000000,0.110000000000
1381942132,813.651000000000,0.310000000000
1381952378,874.437000000000,0.370000000000
1381955417,874.437000000000,0.950000000000
1382006721,851.694000000000,0.490000000000
1382006721,833.571000000000,0.510000000000
1382006928,839.480000000000,0.270000000000
1382012223,869.626000000000,0.270000000000
1382012223,876.459000000000,0.410000000000
1382012223,877.378000000000,0.270000000000
1382012223,877.728000000000,0.050000000000
1382020062,833.571000000000,1.000000000000
1382022400,877.728000000000,0.320000000000
1382022400,877.822000000000,0.330000000000
1382022400,878.102000000000,0.240000000000
1382022400,878.268000000000,0.016730000000
1382024110,840.000000000000,1.500000000000
1382024110,833.571000000000,0.355230000000
1382024180,833.571000000000,0.000050000000
1382095073,861.052000000000,0.240000000000
1382095126,866.945000000000,0.360000000000
1382105354,871.084000000000,0.440000000000
1382105354,871.161000000000,0.131140000000
1382108259,871.161000000000,0.065970000000
1382108416,871.161000000000,0.092890000000
1382108416,876.339000000000,0.290000000000
1382108416,878.268000000000,0.183270000000
1382108416,879.338000000000,0.001680000000
1382109159,879.338000000000,0.308320000000
1382109159,879.609000000000,0.440000000000
1382109159,881.065000000000,0.034770000000
1382145824,918.232000000000,0.220000000000
1382145824,913.318000000000,0.370000000000
1382145824,913.712000000000,0.440000000000
1382145824,914.124000000000,0.410000000000
1382145824,914.841000000000,0.290000000000
1382145824,917.346000000000,0.410000000000
1382145824,917.761000000000,0.290000000000
1382145824,920.569000000000,0.410000000000
1382145824,921.990000000000,0.290000000000
1382145824,922.238000000000,0.440000000000
1382145824,922.939000000000,0.290000000000
1382145824,923.791000000000,0.410000000000
1382145824,925.632000000000,0.220000000000
1382145824,926.832000000000,0.260000000000
1382145824,927.013000000000,0.410000000000
1382145824,928.117000000000,0.290000000000
1382145824,929.140000000000,0.290000000000
1382146541,930.236000000000,0.410000000000
1382146541,930.572000000000,0.480000000000
1382159674,933.295000000000,0.290000000000
1382159674,933.458000000000,0.410000000000
1382159674,933.605000000000,0.370000000000
1382159674,936.290000000000,0.290000000000
1382159674,936.292000000000,0.330000000000
1382159674,938.472000000000,0.290000000000
1382159674,939.903000000000,0.410000000000
1382159674,943.125000000000,0.410000000000
1382159674,943.439000000000,0.290000000000
1382159674,943.650000000000,0.290000000000
1382159674,946.348000000000,0.410000000000
1382159674,946.931000000000,0.240000000000
1382159674,948.828000000000,0.290000000000
1382159674,949.570000000000,0.410000000000
1382159725,950.388000000000,0.420000000000
1382159725,950.589000000000,0.290000000000
1382159725,950.709000000000,0.310000000000
1382159725,952.792000000000,0.410000000000
1382159725,952.815000000000,0.450000000000
1382159725,954.006000000000,0.290000000000
1382159725,956.015000000000,0.410000000000
1382159725,957.739000000000,0.290000000000
1382159725,959.183000000000,0.290000000000
1382159725,959.237000000000,0.340000000000
1382159747,959.237000000000,0.028690000000
1382165839,937.326000000000,0.042780000000
1382178544,1007.724000000000,0.500000000000
1382178843,1007.724000000000,0.440000000000
1382179694,957.539000000000,0.163420000000
1382182639,965.214000000000,0.079600000000
1382201985,976.404000000000,0.240000000000
1382203563,967.506000000000,0.300000000000
1382333028,1007.724000000000,0.060000000000
1382347373,1049.713000000000,1.895750000000
1382352240,1049.713000000000,0.104250000000
1382355124,1091.701000000000,1.310000000000
1382363353,1091.701000000000,0.774710000000
1382367404,1045.237000000000,0.000090000000
1382377117,1080.000000000000,0.000130000000
1382409540,1091.701000000000,0.230000000000
1382411056,1091.701000000000,0.490000000000
1382411325,1091.701000000000,0.195290000000
1382411325,1097.159000000000,0.274710000000
1382411630,1097.159000000000,0.225290000000
1382411630,1097.159000000000,0.194710000000
1382411920,1097.159000000000,0.005290000000
1382412829,1108.131000000000,0.200000000000
1382418567,1119.102000000000,0.200000000000
1382423325,1130.074000000000,0.200000000000
1382424837,1141.045000000000,0.200000000000
1382429031,1175.678000000000,4.000000000000
1382431387,1190.126000000000,0.340000000000
1382431387,1190.153000000000,0.490000000000
1382431387,1190.185000000000,0.006030000000
1382436283,1190.185000000000,0.433970000000
1382436283,1190.191000000000,0.280000000000
1382436283,1190.295000000000,0.270000000000
1382436283,1190.875000000000,0.290000000000
1382436283,1191.107000000000,0.410000000000
1382436283,1191.388000000000,0.360000000000
1382436283,1191.844000000000,0.210000000000
1382436283,1193.624000000000,0.320000000000
1382436283,1193.831000000000,0.320000000000
1382436283,1194.038000000000,0.410000000000
1382436283,1194.159000000000,0.270000000000
1382436283,1194.373000000000,0.460000000000
1382436283,1195.057000000000,0.310000000000
1382436283,1195.551000000000,0.210000000000
1382436283,1195.908000000000,0.450000000000
1382436283,1196.031000000000,0.280000000000
1382436283,1196.076000000000,0.500000000000
1382436283,1196.076000000000,0.200000000000
1382436283,1196.149000000000,0.270000000000
1382436283,1196.220000000000,0.490000000000
1382436283,1196.715000000000,0.360000000000
1382436283,1196.969000000000,0.410000000000
1382436283,1197.125000000000,0.490000000000
1382436283,1198.674000000000,0.290000000000
1382436283,1198.976000000000,0.320000000000
1382436283,1199.258000000000,0.210000000000
1382436283,1199.512000000000,0.340000000000
1382436283,1199.900000000000,0.410000000000
1382436283,1200.453000000000,0.415300000000
1382440490,1179.854000000000,0.200000000000
1382442196,1185.302000000000,0.370000000000
1382442196,1179.854000000000,0.200000000000
1382442196,1174.464000000000,0.360000000000
1382442196,1171.652000000000,0.230000000000
1382442196,1165.000000000000,0.757050000000
1382442196,1162.044000000000,0.380000000000
1382442196,1155.476000000000,0.250000000000
1382442196,1154.797000000000,0.003890000000
1382448367,1225.600000000000,0.995000000000
1382448430,1225.612000000000,0.230000000000
1382448446,1226.250000000000,0.220000000000
1382448464,1226.497000000000,0.260000000000
1382448489,1226.598000000000,0.270000000000
1382448515,1226.729000000000,0.310000000000
1382455441,1220.749000000000,0.200000000000
1382455441,1227.979000000000,0.250000000000
1382455441,1228.674000000000,0.360000000000
1382455441,1228.915000000000,0.001240000000
1382455473,1228.915000000000,0.218760000000
1382455473,1229.034000000000,0.230000000000
1382455473,1229.207000000000,0.360830000000
1382458265,1220.749000000000,0.200000000000
1382458265,1220.749000000000,0.200000000000
1382458287,1223.221000000000,0.200000000000
1382458287,1223.221000000000,0.200000000000
1382458298,1168.979000000000,1.492500000000
1382458309,1223.282000000000,0.200000000000
1382458353,1226.265000000000,0.030000000000
1382466636,1219.010000000000,0.200000000000
1382466636,1229.207000000000,0.099170000000
1382466636,1229.393000000000,0.260000000000
1382466636,1229.482000000000,0.370000000000
1382466636,1229.849000000000,0.320000000000
1382466636,1230.193000000000,0.310000000000
1382466636,1230.253000000000,0.480000000000
1382466636,1230.670000000000,0.250000000000
1382466636,1230.816000000000,0.310000000000
1382466636,1231.065000000000,0.280000000000
1382466636,1231.313000000000,0.276850000000
1382470603,1168.979000000000,0.036810000000
1382473788,1168.979000000000,0.023350000000
1382474623,1139.521000000000,0.380000000000
1382487830,1139.521000000000,0.330000000000
1382488124,1139.521000000000,0.290000000000
1382513638,1183.000000000000,0.059860000000
1382513638,1192.734000000000,0.050000000000
1382513638,1192.734000000000,0.050000000000
1382513638,1193.337000000000,0.050000000000
1382513638,1193.337000000000,0.050000000000
1382513638,1193.337000000000,0.050000000000
1382513638,1193.599000000000,0.230000000000
1382513638,1193.805000000000,0.500000000000
1382513638,1193.843000000000,0.290000000000
1382513638,1193.891000000000,0.440000000000
1382513638,1194.583000000000,0.050000000000
1382513638,1194.608000000000,0.450000000000
1382513638,1195.365000000000,0.230000000000
1382513638,1195.714000000000,0.330000000000
1382513638,1195.932000000000,0.340000000000
1382513638,1196.074000000000,0.290000000000
1382513638,1196.083000000000,0.430000000000
1382513638,1196.133000000000,0.450000000000
1382513638,1196.531000000000,0.500000000000
1382513638,1196.946000000000,0.156070000000
1382528737,1135.000000000000,0.100000000000
1382528955,1196.946000000000,0.094370000000
1382529181,1144.591000000000,0.050000000000
1382529286,1144.591000000000,0.050000000000
1382529529,1196.946000000000,0.095150000000
1382531204,1167.066000000000,0.000790000000
1382534633,1198.012000000000,0.000760000000
1382535712,1198.012000000000,0.329240000000
1382535712,1198.305000000000,0.170760000000
1382535712,1198.305000000000,0.119240000000
1382535712,1198.505000000000,0.340000000000
1382535712,1198.898000000000,0.230000000000
1382535712,1199.318000000000,0.310760000000
1382535713,1199.318000000000,0.119240000000
1382535713,1199.319000000000,0.450000000000
1382535713,1200.002000000000,0.440000000000
1382535713,1200.183000000000,0.330000000000
1382535713,1200.286000000000,0.330000000000
1382535713,1200.537000000000,0.290000000000
1382535713,1200.665000000000,0.040760000000
1382536348,1200.665000000000,0.189240000000
1382536348,1202.431000000000,0.230000000000
1382536348,1202.505000000000,0.450000000000
1382536348,1202.768000000000,0.290000000000
1382536348,1203.057000000000,0.440000000000
1382536348,1204.198000000000,0.230000000000
1382536348,1205.691000000000,0.450000000000
1382536348,1205.964000000000,0.230000000000
1382536348,1206.113000000000,0.440000000000
1382536348,1207.731000000000,0.230000000000
1382536348,1208.877000000000,0.450000000000
1382536348,1209.168000000000,0.440000000000
1382536348,1212.063000000000,0.058210000000
1382536741,1212.063000000000,0.391790000000
1382536741,1215.249000000000,0.450000000000
1382536741,1377.699000000000,0.775030000000
1382537604,1265.211000000000,1.750000000000
1382537604,1293.966000000000,2.000000000000
1382537604,1322.721000000000,0.130840000000
1382537938,1379.632000000000,1.000000000000
1382537938,1400.000000000000,0.200000000000
1382537938,1437.117000000000,2.000000000000
1382537938,1494.601000000000,1.626610000000
1382554726,1181.862000000000,0.380000000000
1382554726,1181.703000000000,0.500000000000
1382554726,1180.494000000000,0.330000000000
1382554726,1178.636000000000,0.330000000000
1382554726,1176.778000000000,0.210000000000
1382571739,1245.605000000000,0.320000000000
1382571739,1245.640000000000,0.180000000000
1382571739,1245.640000000000,0.070000000000
1382571739,1247.120000000000,0.500000000000
1382571739,1247.514000000000,0.250000000000
1382571739,1248.041000000000,0.180000000000
1382592635,1201.322000000000,0.220000000000
1382592636,1201.322000000000,0.220000000000
1382592718,1201.322000000000,0.060000000000
1382592718,1190.499000000000,0.250000000000
1382592719,1190.499000000000,0.310000000000
1382598782,1190.499000000000,0.440000000000
1382598782,1172.461000000000,0.060000000000
1382598929,1172.461000000000,0.500000000000
1382599026,1172.461000000000,0.500000000000
1382599121,1172.461000000000,0.500000000000
1382599644,1172.461000000000,0.398410000000
1382599747,1172.461000000000,0.041590000000
1382599747,1165.000000000000,0.060480000000
1382599747,1142.398000000000,0.337930000000
1382599749,1142.398000000000,0.440000000000
1382599750,1142.398000000000,0.440000000000
1382599751,1142.398000000000,0.440000000000
1382599752,1142.398000000000,0.440000000000
1382599754,1142.398000000000,0.440000000000
1382599755,1142.398000000000,0.440000000000
1382600331,1142.398000000000,0.022070000000
1382601462,1045.250000000000,5.000000000000
1382601462,1022.928000000000,0.210000000000
1382601512,1020.530000000000,0.470000000000
1382601554,1020.454000000000,0.330000000000
1382601616,1020.363000000000,0.290000000000
1382602445,1019.331000000000,0.260000000000
1382602445,1018.854000000000,0.330000000000
1382602445,1018.228000000000,0.220000000000
1382602445,1016.996000000000,0.330000000000
1382602445,1016.936000000000,0.280000000000
1382602445,1015.848000000000,0.450000000000
1382602445,1014.580000000000,0.390000000000
1382602445,1014.439000000000,0.470000000000
1382602445,1014.330000000000,0.020030000000
1382603022,1132.032000000000,0.260000000000
1382603535,1180.955000000000,0.243970000000
1382603694,1105.458000000000,0.090000000000
1382604981,1090.168000000000,0.500000000000
1382604981,1180.955000000000,0.226030000000
1382604981,1184.345000000000,0.154500000000
1382615945,1160.000000000000,0.060180000000
1382615945,1211.467000000000,0.470000000000
1382615945,1213.734000000000,0.340000000000
1382615945,1216.437000000000,0.340000000000
1382615945,1219.140000000000,0.340000000000
1382615945,1221.842000000000,0.340000000000
1382615945,1223.310000000000,0.410000000000
1382615945,1224.545000000000,0.340000000000
1382615945,1226.727000000000,0.410000000000
1382615945,1227.247000000000,0.340000000000
1382615945,1229.950000000000,0.340000000000
1382615945,1230.144000000000,0.410000000000
1382615945,1232.653000000000,0.340000000000
1382615945,1235.355000000000,0.340000000000
1382615945,1238.058000000000,0.340000000000
1382615945,1238.573000000000,0.280000000000
1382615945,1239.034000000000,0.390000000000
1382615945,1240.426000000000,0.280000000000
1382615945,1242.279000000000,0.280000000000
1382615945,1244.131000000000,0.280000000000
1382615945,1244.347000000000,0.004620000000
1382622777,1221.205000000000,0.280000000000
1382622777,1223.189000000000,0.280000000000
1382622777,1223.294000000000,0.253870000000
1382625104,1239.813000000000,0.400000000000
1382625104,1211.162000000000,0.500000000000
1382625104,1242.554000000000,0.400000000000
1382625104,1244.347000000000,0.385380000000
1382625104,1245.295000000000,0.400000000000
1382625104,1245.984000000000,0.184350000000
1382632892,1196.000000000000,0.099500000000
1382638315,1195.000000000000,0.016860000000
1382643646,1195.000000000000,0.041270000000
1382643646,1194.354000000000,0.455000000000
1382643646,1150.000000000000,0.003730000000
1382643654,1150.000000000000,0.296270000000
1382645130,1185.165000000000,0.500000000000
1382645134,1185.610000000000,0.500000000000
1382645146,1185.610000000000,0.500000000000
1382645155,1185.610000000000,0.500000000000
1382645165,1185.610000000000,0.500000000000
1382645178,1185.610000000000,0.500000000000
1382645185,1185.610000000000,0.500000000000
1382645199,1185.610000000000,0.500000000000
1382645208,1185.610000000000,0.500000000000
1382645216,1185.610000000000,0.500000000000
1382645229,1185.610000000000,0.030000000000
1382661717,1180.000000000000,0.057840000000
1382661717,1197.522000000000,0.500000000000
1382661717,1214.054000000000,0.320000000000
1382661717,1215.293000000000,0.122160000000
1382661718,1215.293000000000,0.187840000000
1382661718,1215.342000000000,0.360000000000
1382661718,1215.638000000000,0.260000000000
1382661718,1215.718000000000,0.500000000000
1382661718,1217.416000000000,0.260000000000
1382661718,1218.484000000000,0.320000000000
1382661718,1219.193000000000,0.112160000000
1382661728,1214.297000000000,0.500000000000
1382663827,1173.688000000000,0.500000000000
1382676713,1103.000000000000,0.061570000000
1382676713,1100.000000000000,0.438430000000
1382676809,1100.000000000000,0.500000000000
1382676904,1100.000000000000,0.061570000000
1382676904,1087.817000000000,0.438430000000
1382677000,1087.817000000000,0.500000000000
1382677096,1087.817000000000,0.061570000000
1382677096,1078.017000000000,0.196160000000
1382693019,1080.255000000000,0.280000000000
1382693019,1083.436000000000,0.280000000000
1382693019,1085.971000000000,0.500000000000
1382693019,1086.616000000000,0.280000000000
1382693019,1089.796000000000,0.280000000000
1382693019,1092.977000000000,0.280000000000
1382693019,1096.157000000000,0.280000000000
1382693019,1099.337000000000,0.280000000000
1382693019,1102.518000000000,0.280000000000
1382693019,1105.698000000000,0.280000000000
1382693019,1108.878000000000,0.280000000000
1382693019,1112.058000000000,0.280000000000
1382693019,1115.239000000000,0.280000000000
1382693019,1118.419000000000,0.280000000000
1382693019,1119.154000000000,0.220000000000
1382693019,1120.475000000000,0.075600000000
1382707078,1038.275000000000,1.000000000000
1382707078,1028.922000000000,2.000000000000
1382707078,1018.354000000000,0.440000000000
1382707078,1010.999000000000,0.500000000000
1382707078,1004.126000000000,0.330000000000
1382707078,1004.096000000000,0.430000000000
1382707078,1004.062000000000,0.220000000000
1382707078,1003.991000000000,0.055000000000
1382714686,1038.690000000000,0.199000000000
1382714745,1038.690000000000,0.301000000000
1382715983,1092.578000000000,0.480000000000
1382715983,1093.404000000000,0.430390000000
1382723830,1011.489000000000,0.390000000000
1382723830,1008.874000000000,0.250000000000
1382723830,1001.000000000000,0.200000000000
1382723830,1000.000000000000,0.768630000000
1382725221,1060.000000000000,0.006000000000
1382729917,1060.000000000000,0.055270000000
1382735639,1050.775000000000,0.280000000000
1382735639,1037.590000000000,0.220000000000
1382735886,1072.934000000000,1.000000000000
1382788945,1127.579000000000,0.264730000000
1382795611,1127.760000000000,0.460000000000
1382795611,1130.597000000000,0.290000000000
1382795611,1132.348000000000,0.131010000000
1382796720,1090.000000000000,0.099500000000
1382821777,1112.244000000000,0.089450000000
1382859431,1101.196000000000,0.220000000000
1382890656,1112.244000000000,0.140550000000
1382891029,1117.617000000000,0.260000000000
1382891029,1121.843000000000,0.240000000000
1382891029,1124.439000000000,0.230000000000
1382891029,1132.348000000000,0.228990000000
1382891029,1132.771000000000,0.320000000000
1382891029,1134.159000000000,0.330000000000
1382891029,1134.582000000000,0.154680000000
1382906541,1142.064000000000,0.500000000000
1382906541,1196.448000000000,1.000000000000
1382906541,1196.705000000000,0.200000000000
1382906541,1196.820000000000,0.230000000000
1382906541,1196.953000000000,0.260000000000
1382906541,1197.723000000000,0.300000000000
1382906541,1197.922000000000,0.270000000000
1382906541,1197.926000000000,0.280000000000
1382906541,1199.088000000000,0.307330000000
1382916431,1199.905000000000,0.270000000000
1382916431,1202.139000000000,0.200000000000
1382916431,1202.841000000000,0.410000000000
1382916431,1203.669000000000,0.420000000000
1382916431,1204.287000000000,0.280000000000
1382916431,1204.435000000000,0.320000000000
1382916431,1205.688000000000,0.140330000000
1382945953,1129.000000000000,0.009650000000
1382952797,1196.536000000000,0.009050000000
1382957787,1189.997000000000,0.410000000000
1382957787,1193.375000000000,0.390000000000
1382957787,1193.436000000000,0.118300000000
1382970456,1198.287000000000,0.083030000000
1382973516,1200.141000000000,0.124360000000
1382977487,1199.000000000000,0.082980000000
1382984896,1199.000000000000,2.000000000000
1382987200,1199.000000000000,0.165970000000
1382987429,1199.000000000000,0.040000000000
1382989741,1199.000000000000,0.414920000000
1382992777,1198.270000000000,0.280000000000
1382992777,1199.000000000000,0.550020000000
1382992786,1199.000000000000,0.000020000000
1383005341,1199.000000000000,0.082980000000
1383019521,1142.738000000000,0.050000000000
1383022114,1150.000000000000,0.400000000000
1383033402,1142.136000000000,0.650000000000
1383033402,1129.000000000000,0.047590000000
1383033402,1126.116000000000,0.240000000000
1383033402,1123.359000000000,0.330000000000
1383033402,1120.866000000000,0.430000000000
1383033402,1119.026000000000,0.093410000000
1383033480,1199.000000000000,0.082980000000
1383034973,1199.000000000000,0.504960000000
1383038777,1199.000000000000,0.248950000000
1383038902,1199.000000000000,0.165970000000
1383039272,1199.000000000000,0.000010000000
1383048667,1198.000000000000,0.056950000000
1383048730,1199.000000000000,0.165970000000
1383049029,1199.000000000000,0.245640000000
1383049502,1199.000000000000,0.248630000000
1383049502,1201.005000000000,2.651430000000
1383049992,1198.000000000000,0.039460000000
1383050517,1198.000000000000,0.903590000000
1383050517,1152.928000000000,0.740000000000
1383050517,1144.000000000000,1.000000000000
1383050517,1142.826000000000,0.235990000000
1383050532,1142.826000000000,0.000080000000
1383052324,1201.005000000000,0.828470000000
1383055091,1201.005000000000,1.520100000000
1383055111,1209.000000000000,1.000000000000
1383055142,1215.958000000000,0.310000000000
1383055217,1218.233000000000,0.058280000000
1383056008,1218.233000000000,0.016460000000
1383057631,1218.233000000000,0.408370000000
1383057992,1218.233000000000,0.116890000000
1383058425,1218.233000000000,1.923110000000
1383066239,1221.000000000000,0.100000000000
1383066239,1221.016000000000,0.350000000000
1383066239,1222.000000000000,0.100000000000
1383066239,1222.481000000000,0.410000000000
1383066239,1223.000000000000,0.100000000000
1383066239,1224.000000000000,1.000000000000
1383066239,1224.000000000000,0.100000000000
1383066239,1224.515000000000,0.470000000000
1383066239,1225.000000000000,0.100000000000
1383066239,1225.100000000000,0.370000000000
1383066239,1225.710000000000,0.750000000000
1383066239,1226.000000000000,0.100000000000
1383066239,1226.764000000000,0.114310000000
1383066748,1226.764000000000,0.243320000000
1383073241,1223.002000000000,0.390000000000
1383076077,1223.002000000000,0.110000000000
1383077025,1225.000000000000,0.100000000000
1383077025,1227.000000000000,0.100000000000
1383077025,1228.000000000000,0.100000000000
1383077025,1229.000000000000,1.000000000000
1383077025,1229.000000000000,0.100000000000
1383077025,1229.792000000000,0.370000000000
1383077025,1230.000000000000,0.100000000000
1383077025,1230.931000000000,0.310000000000
1383077025,1230.944000000000,0.430000000000
1383077025,1231.000000000000,0.100000000000
1383077025,1231.046000000000,0.410000000000
1383077025,1232.000000000000,0.100000000000
1383077025,1233.000000000000,0.100000000000
1383077025,1234.000000000000,1.000000000000
1383077025,1234.000000000000,0.100000000000
1383077025,1234.263000000000,0.470000000000
1383077025,1234.483000000000,0.370000000000
1383077025,1235.000000000000,0.100000000000
1383077025,1235.329000000000,0.410000000000
1383077025,1235.410000000000,0.210000000000
1383077025,1235.616000000000,0.750000000000
1383077025,1236.000000000000,0.100000000000
1383077025,1236.416000000000,0.200000000000
1383077025,1236.829000000000,0.370000000000
1383077025,1237.000000000000,0.100000000000
1383077025,1238.000000000000,0.100000000000
1383077025,1239.000000000000,1.000000000000
1383077025,1239.000000000000,1.000000000000
1383077025,1239.000000000000,0.074610000000
1383082025,1239.000000000000,0.025390000000
1383082025,1239.000000000000,0.091970000000
1383082111,1239.000000000000,0.210000000000
1383087513,1239.000000000000,0.330000000000
1383091715,1239.000000000000,0.145720000000
1383093481,1240.000000000000,0.100000000000
1383093481,1241.000000000000,0.100000000000
1383093481,1241.154000000000,0.400000000000
1383093481,1241.521000000000,0.370000000000
1383093481,1242.000000000000,0.100000000000
1383093481,1243.000000000000,0.100000000000
1383093481,1243.895000000000,0.410000000000
1383093481,1244.000000000000,1.000000000000
1383093481,1244.000000000000,0.100000000000
1383093481,1245.000000000000,0.100000000000
1383093481,1245.522000000000,0.421250000000
1383123634,1200.000000000000,0.200000000000
1383125074,1239.000000000000,4.416860000000
1383127701,1226.112000000000,0.000120000000
1383132217,1226.112000000000,0.269880000000
1383132217,1233.211000000000,0.270000000000
1383132217,1239.000000000000,0.267250000000
1383135675,1236.088000000000,0.080490000000
1383144715,1239.000000000000,2.007660000000
1383145166,1239.000000000000,0.038230000000
1383145166,1242.239000000000,0.240000000000
1383145166,1244.836000000000,0.330000000000
1383145166,1245.522000000000,0.328750000000
1383145166,1246.000000000000,0.100000000000
1383145166,1246.212000000000,0.370000000000
1383145166,1247.000000000000,0.100000000000
1383145166,1247.255000000000,0.600000000000
1383145166,1247.515000000000,0.670000000000
1383145166,1248.000000000000,0.100000000000
1383145166,1248.178000000000,0.410000000000
1383145166,1248.381000000000,0.400000000000
1383145166,1249.000000000000,1.000000000000
1383145166,1249.000000000000,0.099870000000
1383148221,1249.000000000000,0.000130000000
1383148459,1249.682000000000,0.210000000000
1383149067,1250.000000000000,0.100000000000
1383149067,1250.904000000000,0.370000000000
1383149067,1251.000000000000,0.100000000000
1383149067,1252.000000000000,0.100000000000
1383149067,1252.461000000000,0.410000000000
1383149067,1253.000000000000,0.100000000000
1383149067,1253.250000000000,0.370000000000
1383149067,1253.583000000000,0.330000000000
1383149067,1253.757000000000,0.470000000000
1383149067,1254.000000000000,1.000000000000
1383149067,1254.000000000000,0.064520000000
1383151973,1249.682000000000,0.347000000000
1383151973,1200.000000000000,0.064930000000
1383153167,1254.000000000000,0.035480000000
1383153167,1255.000000000000,0.100000000000
1383153167,1255.428000000000,0.023100000000
1383158824,1200.000000000000,0.233890000000
1383160855,1255.428000000000,0.726900000000
1383160855,1256.000000000000,0.100000000000
1383160855,1256.744000000000,0.173870000000
1383162437,1256.744000000000,0.236130000000
1383162437,1257.000000000000,0.100000000000
1383162437,1257.698000000000,0.068810000000
1383163010,1257.698000000000,0.361190000000
1383163010,1257.941000000000,0.370000000000
1383163010,1258.000000000000,0.059850000000
1383164430,1200.000000000000,0.001170000000
1383165679,1258.000000000000,0.040150000000
1383165679,1258.386000000000,0.310000000000
1383165679,1259.000000000000,0.440420000000
1383166636,1200.000000000000,0.000010000000
1383166636,1191.458000000000,0.009940000000
1383171121,1244.010000000000,0.239940000000
1383177442,1216.790000000000,0.081770000000
1383189696,1232.760000000000,0.570000000000
1383189696,1237.112000000000,0.244340000000
1383191312,1244.010000000000,0.319950000000
1383200362,1191.458000000000,0.000050000000
1383203099,1191.458000000000,0.000010000000
1383203099,1179.543000000000,0.100000000000
1383203099,1175.558000000000,0.480000000000
1383203099,1171.993000000000,0.740000000000
1383203099,1162.450000000000,0.085970000000
1383207234,1238.372000000000,0.401730000000
1383211524,1235.480000000000,0.470000000000
1383211524,1242.371000000000,0.440000000000
1383211524,1244.551000000000,0.570000000000
1383211524,1248.657000000000,0.122760000000
1383213968,1230.133000000000,0.460000000000
1383213968,1244.309000000000,0.390000000000
1383213968,1248.657000000000,0.507240000000
1383213968,1259.000000000000,0.559580000000
1383213968,1259.000000000000,0.100000000000
1383213968,1259.168000000000,0.057240000000
1383333352,1314.000000000000,0.100000000000
1383219104,1243.764000000000,0.590000000000
1383219104,1259.167000000000,1.000000000000
1383219104,1259.168000000000,0.632760000000
1383219104,1259.411000000000,0.210000000000
1383219104,1260.000000000000,0.100000000000
1383219104,1260.287000000000,0.370000000000
1383219104,1261.000000000000,0.100000000000
1383219104,1261.027000000000,0.410000000000
1383219104,1261.040000000000,0.450000000000
1383219104,1262.000000000000,0.093410000000
1383333352,1314.000000000000,1.000000000000
1383333352,1315.000000000000,0.100000000000
1383333352,1316.000000000000,0.100000000000
1383230912,1242.084000000000,0.320420000000
1383333352,1317.000000000000,0.100000000000
1383333352,1318.000000000000,0.100000000000
1383333352,1319.000000000000,0.100000000000
1383241084,1255.549000000000,0.237740000000
1383242056,1255.549000000000,0.000010000000
1383243600,1255.549000000000,0.010000000000
1383243601,1255.549000000000,0.100000000000
1383243601,1255.549000000000,0.250000000000
1383243730,1255.549000000000,0.010000000000
1383243731,1255.549000000000,0.100000000000
1383243732,1255.549000000000,0.250000000000
1383243855,1255.549000000000,0.010000000000
1383243855,1255.549000000000,0.032250000000
1383243855,1262.000000000000,0.006590000000
1383243855,1263.000000000000,0.061160000000
1383246194,1262.900000000000,0.078780000000
1383251868,1262.900000000000,0.002580000000
1383251868,1263.000000000000,0.038840000000
1383251868,1264.000000000000,0.116040000000
1383288963,1252.662000000000,0.119140000000
1383293057,1264.000000000000,0.883960000000
1383293057,1264.000000000000,0.100000000000
1383293057,1265.000000000000,0.100000000000
1383293057,1266.000000000000,0.100000000000
1383293057,1267.000000000000,0.100000000000
1383293057,1268.000000000000,0.100000000000
1383293057,1269.000000000000,0.188860000000
1383293158,1269.000000000000,0.811140000000
1383293158,1269.000000000000,0.100000000000
1383293158,1270.000000000000,0.100000000000
1383293158,1270.682000000000,0.450000000000
1383293158,1270.744000000000,0.380000000000
1383293158,1271.000000000000,0.100000000000
1383293158,1272.000000000000,0.100000000000
1383293158,1273.000000000000,0.100000000000
1383293158,1274.000000000000,1.000000000000
1383293158,1274.000000000000,0.100000000000
1383293158,1275.000000000000,0.100000000000
1383293158,1276.000000000000,0.100000000000
1383293158,1277.000000000000,0.100000000000
1383293158,1278.000000000000,0.100000000000
1383293158,1279.000000000000,1.000000000000
1383293158,1279.000000000000,0.100000000000
1383293158,1280.000000000000,0.100000000000
1383293158,1280.160000000000,0.260000000000
1383293158,1281.000000000000,0.100000000000
1383293158,1282.000000000000,0.100000000000
1383293158,1283.000000000000,0.100000000000
1383293158,1284.000000000000,1.000000000000
1383293158,1284.000000000000,0.100000000000
1383293158,1284.493000000000,0.240000000000
1383293158,1285.000000000000,0.100000000000
1383293158,1286.000000000000,0.100000000000
1383293158,1287.000000000000,0.100000000000
1383293158,1288.000000000000,0.100000000000
1383293158,1288.189000000000,0.380000000000
1383293158,1289.000000000000,0.265040000000
1383293623,1201.810000000000,0.010000000000
1383293623,1200.000000000000,0.089500000000
1383303616,1289.000000000000,0.734960000000
1383303616,1289.000000000000,0.100000000000
1383303616,1289.513000000000,0.380000000000
1383303616,1290.000000000000,0.100000000000
1383303616,1291.000000000000,0.100000000000
1383303616,1291.507000000000,0.380000000000
1383303616,1292.000000000000,0.100000000000
1383303616,1293.000000000000,0.100000000000
1383303616,1293.501000000000,0.380000000000
1383303616,1294.000000000000,1.000000000000
1383303616,1294.000000000000,0.100000000000
1383303616,1295.000000000000,0.100000000000
1383303616,1295.495000000000,0.380000000000
1383303616,1296.000000000000,0.100000000000
1383303616,1296.689000000000,0.560000000000
1383303616,1297.000000000000,0.100000000000
1383303616,1297.118000000000,0.230000000000
1383303616,1297.488000000000,0.380000000000
1383303616,1298.000000000000,0.100000000000
1383303616,1299.000000000000,0.100000000000
1383303616,1299.482000000000,0.380000000000
1383303616,1301.476000000000,0.380000000000
1383303616,1303.470000000000,0.380000000000
1383303616,1305.463000000000,0.380000000000
1383303616,1307.457000000000,0.380000000000
1383303616,1309.451000000000,0.249340000000
1383304151,1309.451000000000,0.130660000000
1383304151,1311.445000000000,0.380000000000
1383304151,1313.438000000000,0.380000000000
1383304151,1315.432000000000,0.380000000000
1383304151,1317.426000000000,0.380000000000
1383304151,1319.420000000000,0.380000000000
1383304151,1321.414000000000,0.380000000000
1383304151,1323.050000000000,0.240000000000
1383304151,1323.407000000000,0.380000000000
1383304151,1325.401000000000,0.380000000000
1383304151,1327.395000000000,0.360380000000
1383304285,1327.395000000000,0.019620000000
1383304285,1329.389000000000,0.130100000000
1383306787,1300.000000000000,2.296500000000
1383315697,1230.000000000000,4.000000000000
1383315711,1221.000000000000,2.852240000000
1383320862,1266.777000000000,0.219920000000
1383331392,1271.406000000000,0.360000000000
1383331392,1278.769000000000,0.263310000000
1383333352,1278.769000000000,0.096690000000
1383333352,1309.000000000000,0.100000000000
1383333352,1309.000000000000,0.405000000000
1383333352,1310.000000000000,0.100000000000
1383333352,1311.000000000000,0.100000000000
1383333352,1312.000000000000,0.100000000000
1383333352,1313.000000000000,0.100000000000
1383333352,1319.000000000000,0.052540000000
1383340401,1319.000000000000,0.037710000000
1383377521,1266.095000000000,0.118400000000
1383377589,1266.095000000000,0.078000000000
1383387241,1266.095000000000,0.101060000000
1383387370,1266.095000000000,0.202540000000
1383387370,1269.078000000000,0.189950000000
1383397414,1269.078000000000,0.290050000000
1383397414,1272.061000000000,0.492820000000
1383401812,1272.061000000000,0.097180000000
1383401812,1275.044000000000,0.350000000000
1383401812,1278.027000000000,0.420000000000
1383401812,1281.010000000000,0.200000000000
1383401812,1283.993000000000,0.330000000000
1383401812,1286.976000000000,0.158060000000
1383406669,1286.976000000000,0.231930000000
1383406698,1286.976000000000,0.010010000000
1383406698,1289.959000000000,0.221410000000
1383480790,1289.959000000000,0.192830000000
1383497617,1289.959000000000,0.065760000000
1383501935,1250.000000000000,0.497500000000
1383502237,1250.000000000000,0.002500000000
1383502237,1211.000000000000,0.246250000000
1383506622,1292.942000000000,0.310900000000
1383508264,1220.000000000000,0.001600000000
1383511051,1292.942000000000,0.100040000000
1383527859,1292.942000000000,0.009060000000
1383527859,1295.925000000000,0.068520000000
1383541093,1270.000000000000,0.228850000000
1383549346,1295.925000000000,0.381480000000
1383549346,1298.908000000000,0.002440000000
1383550199,1270.000000000000,0.497500000000
1383563701,1298.908000000000,0.657560000000
1383563701,1300.000000000000,0.100000000000
1383563701,1301.891000000000,0.680000000000
1383563701,1304.874000000000,0.700000000000
1383563701,1307.857000000000,0.580000000000
1383563701,1310.840000000000,0.370000000000
1383563701,1313.823000000000,0.740000000000
1383563701,1316.806000000000,0.041070000000
1383564271,1316.806000000000,0.338930000000
1383564271,1319.000000000000,0.909750000000
1383564271,1319.000000000000,5.000000000000
1383564271,1319.789000000000,0.440000000000
1383564271,1320.000000000000,0.100000000000
1383564271,1321.000000000000,0.100000000000
1383564271,1322.000000000000,0.100000000000
1383564271,1322.772000000000,0.510000000000
1383564271,1323.000000000000,0.043160000000
1383564289,1323.000000000000,0.056840000000
1383564289,1325.000000000000,0.100000000000
1383564289,1325.755000000000,0.630000000000
1383564289,1326.000000000000,0.100000000000
1383564289,1327.000000000000,0.100000000000
1383564289,1328.000000000000,0.100000000000
1383564289,1328.738000000000,0.730000000000
1383564289,1329.000000000000,0.100000000000
1383564289,1330.000000000000,0.100000000000
1383564289,1331.000000000000,0.100000000000
1383564289,1331.721000000000,0.270000000000
1383564289,1332.000000000000,0.100000000000
1383564289,1333.000000000000,0.100000000000
1383564289,1334.000000000000,0.100000000000
1383564289,1334.704000000000,0.220000000000
1383564289,1335.000000000000,0.100000000000
1383564289,1336.000000000000,0.100000000000
1383564289,1337.000000000000,0.100000000000
1383564289,1337.687000000000,0.440000000000
1383564289,1338.000000000000,0.100000000000
1383564289,1338.413000000000,0.560000000000
1383564289,1339.000000000000,0.100000000000
1383564289,1340.000000000000,0.100000000000
1383564289,1340.670000000000,0.730000000000
1383564289,1341.000000000000,0.100000000000
1383564289,1342.000000000000,0.100000000000
1383564289,1343.345000000000,0.380000000000
1383564289,1343.653000000000,0.210000000000
1383564289,1345.339000000000,0.380000000000
1383564289,1346.636000000000,0.480000000000
1383564289,1349.619000000000,0.550000000000
1383564289,1350.000000000000,0.005010000000
1383564336,1350.000000000000,0.144990000000
1383564336,1351.011000000000,0.360000000000
1383564336,1352.602000000000,0.680000000000
1383564336,1354.397000000000,0.260000000000
1383564336,1354.434000000000,0.450000000000
1383564336,1355.308000000000,0.380000000000
1383564336,1355.585000000000,0.310000000000
1383564336,1358.568000000000,0.300000000000
1383564336,1361.551000000000,0.400000000000
1383564336,1363.283000000000,0.380000000000
1383564336,1364.534000000000,0.710000000000
1383564336,1367.270000000000,0.380000000000
1383564336,1367.517000000000,0.450000000000
1383564336,1370.500000000000,0.620000000000
1383564336,1373.483000000000,0.720000000000
1383564336,1376.466000000000,0.580000000000
1383564336,1379.449000000000,0.174550000000
1383573607,1379.449000000000,0.095450000000
1383573607,1382.432000000000,0.440000000000
1383573607,1383.221000000000,0.380000000000
1383573607,1383.893000000000,0.220000000000
1383573607,1385.415000000000,0.250000000000
1383573607,1400.000000000000,0.200000000000
1383573607,1400.000000000000,0.100000000000
1383573607,1425.000000000000,0.230000000000
1383573607,1450.000000000000,1.593880000000
1383580768,1433.914000000000,0.410000000000
1383580768,1438.743000000000,0.210000000000
1383580768,1444.090000000000,0.141580000000
1383580956,1444.090000000000,0.078420000000
1383580956,1444.904000000000,0.670000000000
1383580956,1449.000000000000,0.047000000000
1383580956,1449.436000000000,0.520000000000
1383580956,1450.000000000000,3.406120000000
1383580956,1454.782000000000,0.240000000000
1383580956,1455.894000000000,0.570000000000
1383580956,1460.128000000000,0.490000000000
1383580956,1465.474000000000,0.210000000000
1383580956,1470.821000000000,0.440000000000
1383580956,1476.167000000000,0.175180000000
1383581856,1476.167000000000,0.494820000000
1383581856,1481.513000000000,0.370000000000
1383581856,1486.859000000000,0.478460000000
1383581873,1486.859000000000,0.000030000000
1383583562,1485.000000000000,0.201010000000
1383592919,1484.990000000000,0.050000000000
1383592919,1486.000000000000,1.000000000000
1383592919,1486.859000000000,0.211510000000
1383592919,1487.000000000000,1.000000000000
1383592919,1488.000000000000,1.000000000000
1383592919,1489.000000000000,0.084120000000
1383600509,1489.000000000000,0.066820000000
1383641322,1459.429000000000,0.700000000000
1383641322,1459.490000000000,0.322640000000
1383642454,1459.305000000000,0.610000000000
1383642454,1459.490000000000,0.017360000000
1383642454,1459.552000000000,0.054450000000
1383647367,1469.052000000000,0.203190000000
1383648194,1470.000000000000,0.000100000000
1383648194,1471.334000000000,0.550000000000
1383648194,1471.581000000000,0.126130000000
1383650976,1488.174000000000,0.710000000000
1383650976,1489.000000000000,0.849060000000
1383650976,1489.335000000000,0.510000000000
1383650976,1490.000000000000,1.000000000000
1383650976,1491.000000000000,1.000000000000
1383650976,1492.000000000000,1.000000000000
1383650976,1492.205000000000,0.272470000000
1383652401,1493.000000000000,0.136430000000
1383654120,1398.312000000000,0.010000000000
1383654120,1395.000000000000,0.000100000000
1383654120,1390.803000000000,0.560000000000
1383654120,1390.000000000000,0.015030000000
