1382709714,172.032000000000,0.000030000000
1382713875,170.690000000000,1.000000000000
1382714178,171.599000000000,1.000000000000
1382732216,183.719000000000,1.000000000000
1382734805,181.179000000000,0.014390000000
1382734837,185.304000000000,0.014060000000
1382735601,182.160000000000,1.000000000000
1382735603,182.061000000000,1.000000000000
1382735603,174.800000000000,1.000000000000
1382735604,174.800000000000,1.000000000000
1382735604,174.705000000000,2.000000000000
1382735908,173.785000000000,1.000000000000
1382923999,174.809000000000,0.031480000000
1383030775,193.923000000000,0.000020000000
1383122404,193.923000000000,0.049880000000
1383122404,193.924000000000,0.230120000000
1383122407,193.924000000000,0.280000000000
1383122414,193.924000000000,0.280000000000
1383122417,193.924000000000,0.280000000000
1383122422,193.924000000000,0.280000000000
1383122678,193.924000000000,0.330000000000
1383122931,193.924000000000,0.540000000000
1383123233,193.924000000000,0.220000000000
1383123541,193.924000000000,0.520000000000
1383123842,193.924000000000,0.280000000000
1383124148,193.924000000000,0.300000000000
1383124488,193.924000000000,0.459880000000
1383132192,197.865000000000,0.036750000000
1383135047,201.439000000000,0.320000000000
1383135047,199.618000000000,0.720000000000
1383135047,197.865000000000,0.623250000000
1383135047,197.738000000000,0.310000000000
1383135047,196.622000000000,0.026750000000
1383135112,196.622000000000,0.293250000000
1383135112,196.377000000000,0.090120000000
1383135112,194.750000000000,1.616630000000
1383135113,194.750000000000,0.383370000000
1383135113,193.835000000000,0.280000000000
1383135113,193.332000000000,0.280000000000
1383135113,192.830000000000,0.280000000000
1383135113,192.327000000000,0.280000000000
1383135113,191.824000000000,0.280000000000
1383135113,191.322000000000,0.280000000000
1383135113,190.819000000000,0.280000000000
1383135113,190.316000000000,0.280000000000
1383135113,190.000000000000,0.050930000000
1383135113,189.814000000000,0.280000000000
1383135113,189.671000000000,0.045700000000
1383135116,189.671000000000,0.184300000000
1383135116,189.311000000000,0.280000000000
1383135116,188.809000000000,0.280000000000
1383135116,188.306000000000,0.280000000000
1383135126,188.190000000000,2.000000000000
1383135191,187.803000000000,0.280000000000
1383135191,187.301000000000,0.280000000000
1383135191,186.822000000000,0.330000000000
1383135191,186.798000000000,0.280000000000
1383135192,186.345000000000,0.830000000000
1383135192,188.190000000000,0.975700000000
1383135192,189.112000000000,0.194300000000
1383135252,186.806000000000,2.000000000000
1383135259,186.806000000000,0.330000000000
1383135260,186.806000000000,0.330000000000
1383135261,186.806000000000,0.330000000000
1383135262,186.806000000000,0.010000000000
1383135262,189.112000000000,0.320000000000
1383135266,189.112000000000,0.330000000000
1383135268,189.112000000000,0.330000000000
1383135271,189.112000000000,0.330000000000
1383135313,188.274000000000,0.330000000000
1383135314,186.345000000000,1.670000000000
1383135314,189.112000000000,0.330000000000
1383205881,200.606000000000,0.200000000000
1383205881,200.606000000000,0.240000000000
1383205881,200.039000000000,0.530000000000
1383205881,199.530000000000,0.230000000000
1383210363,199.118000000000,0.230000000000
1383210363,198.210000000000,0.230000000000
1383211448,199.980000000000,0.470000000000
1383213287,201.232000000000,1.100000000000
1383220189,201.174000000000,0.220000000000
1383240871,199.931000000000,0.300000000000
1383240871,199.148000000000,0.650000000000
1383240871,198.908000000000,0.300000000000
1383243601,205.021000000000,2.000000000000
1383243674,204.969000000000,2.000000000000
1383243738,204.969000000000,2.000000000000
1383243799,204.969000000000,2.000000000000
1383243861,204.969000000000,2.000000000000
1383243923,204.969000000000,2.000000000000
1383244945,204.865000000000,0.460000000000
1383246158,193.558000000000,0.360000000000
1383246158,193.518000000000,0.620000000000
1383246158,193.009000000000,0.690000000000
1383246158,192.546000000000,0.330000000000
1383246161,192.546000000000,0.140000000000
1383246161,192.033000000000,2.000000000000
1383246161,191.110000000000,0.620000000000
1383246161,190.849000000000,0.690000000000
1383246161,188.702000000000,0.620000000000
1383246161,188.689000000000,0.430000000000
1383246228,188.689000000000,0.260000000000
1383246228,186.296000000000,0.280000000000
1383246228,184.788000000000,0.280000000000
1383246228,183.783000000000,0.280000000000
1383246229,183.759000000000,0.900000000000
1383246229,191.037000000000,0.500000000000
1383246230,192.033000000000,0.600000000000
1383246291,184.214000000000,2.000000000000
1383387115,202.455000000000,0.240000000000
1383387115,202.455000000000,0.010000000000
1383387148,202.455000000000,0.252000000000
1383441951,202.455000000000,0.008000000000
1383441951,201.268000000000,0.200000000000
1383441951,200.876000000000,0.292000000000
1383442014,200.876000000000,0.138000000000
1383442014,200.007000000000,0.362000000000
1383442113,200.007000000000,0.248000000000
1383442113,199.138000000000,0.252000000000
1383501807,199.138000000000,0.018000000000
1383501833,198.194000000000,0.240000000000
1383541217,208.000000000000,0.200000000000
1383656743,239.622000000000,1.000000000000
1383661594,219.038000000000,2.000000000000
1383684123,214.513000000000,2.000000000000
1383684184,214.513000000000,2.000000000000
1383684245,214.513000000000,2.000000000000
1383697494,260.468000000000,0.400000000000
1383697494,260.489000000000,0.335530000000
1383703205,250.000000000000,0.731320000000
1383736109,253.901000000000,0.410000000000
1383736109,253.359000000000,0.090000000000
1383736141,273.705000000000,0.463640000000
1383738620,252.846000000000,0.010000000000
1383792647,259.318000000000,0.705040000000
1383822786,285.476000000000,0.008850000000
1383831178,285.487000000000,2.000000000000
1383831355,287.770000000000,0.599000000000
1383916037,328.335000000000,0.530000000000
1383916159,329.972000000000,0.560000000000
1383916159,330.672000000000,0.430000000000
1383916159,332.439000000000,0.410000000000
1383916159,334.906000000000,0.390000000000
1383916159,335.177000000000,0.200000000000
1383916159,337.372000000000,0.320000000000
1383916159,337.568000000000,0.119880000000
1383975201,345.887000000000,0.173550000000
1383999058,355.685000000000,0.230000000000
1383999058,358.720000000000,0.013660000000
1384032951,355.280000000000,0.603050000000
1384034649,355.280000000000,0.396950000000
1384034649,351.727000000000,2.000000000000
1384034649,348.174000000000,3.000000000000
1384034649,344.621000000000,2.103050000000
1384058360,310.510000000000,1.000000000000
1384058579,307.404000000000,1.000000000000
1384078133,307.404000000000,1.000000000000
1384078391,304.299000000000,3.000000000000
1384106940,303.078000000000,0.460000000000
1384110540,299.000000000000,0.049750000000
1384116848,306.870000000000,0.889670000000
1384118739,306.000000000000,0.816990000000
1384118744,307.500000000000,0.183010000000
1384279475,366.000000000000,0.500000000000
1384284401,366.000000000000,0.078520000000
1384285691,366.000000000000,1.421480000000
1384293976,372.162000000000,0.077210000000
1384305053,372.162000000000,0.192790000000
1384337536,380.890000000000,0.100030000000
1384337635,388.852000000000,0.290000000000
1384337635,389.037000000000,0.280000000000
1384337635,389.146000000000,0.360000000000
1384337635,389.575000000000,0.390000000000
1384337635,389.671000000000,0.430000000000
1384337635,390.165000000000,0.390000000000
1384337635,390.253000000000,0.340000000000
1384337635,390.648000000000,0.340000000000
1384337635,391.388000000000,0.151250000000
1384358980,410.000000000000,0.500000000000
1384358980,410.700000000000,0.021630000000
1384358980,413.830000000000,0.695800000000
1384364029,413.830000000000,0.034200000000
1384364029,414.234000000000,0.670000000000
1384364029,414.480000000000,0.360000000000
1384364029,415.560000000000,0.280000000000
1384364029,415.775000000000,0.720000000000
1384364029,416.113000000000,0.450000000000
1384364029,417.290000000000,0.210000000000
1384364029,417.746000000000,0.212570000000
1384370518,417.746000000000,0.219820000000
1384371257,417.746000000000,0.197610000000
1384371257,419.019000000000,0.660000000000
1384371257,445.000000000000,0.091900000000
1384392394,421.159000000000,0.280000000000
1384392394,422.670000000000,0.570000000000
1384392394,445.000000000000,0.908100000000
1384392394,450.000000000000,0.971220000000
1384400793,428.029000000000,0.490000000000
1384400793,445.000000000000,0.143830000000
1384473991,419.000000000000,0.596650000000
1384473991,422.000000000000,1.430710000000
1384539645,429.000000000000,0.116550000000
1384549392,419.000000000000,0.035170000000
1384552295,421.000000000000,0.035000000000
1384553209,409.000000000000,0.035000000000
1384601491,390.000000000000,0.001390000000
1384601582,449.000000000000,0.001200000000
1384602966,449.000000000000,0.189690000000
1384604077,390.000000000000,0.000720000000
1384642946,450.000000000000,0.077100000000
1384642665,448.851000000000,0.040530000000
1384642785,449.000000000000,1.000000000000
1384652774,450.000000000000,0.000620000000
1384657581,450.000000000000,0.022280000000
1384657581,450.000000000000,0.977720000000
1384661220,450.000000000000,1.200000000000
1384687233,450.000000000000,0.015960000000
1384687233,475.000000000000,0.000600000000
1384687233,500.000000000000,0.001060000000
1384714857,499.999000000000,0.028630000000
1384757348,550.000000000000,0.500000000000
1384758483,500.000000000000,0.028630000000
1384765590,599.544000000000,0.023870000000
1384822782,800.000000000000,0.015990000000
1384822782,800.000000000000,1.000000000000
1384848854,700.000000000000,0.150000000000
1384849382,700.000000000000,0.028000000000
1384851723,750.000000000000,0.000020000000
1384862613,700.000000000000,0.282000000000
1384864851,630.000000000000,0.026900000000
1384864851,600.000000000000,0.819700000000
1384865158,600.000000000000,0.153400000000
1384906332,595.000000000000,0.177000000000
1384906332,570.000000000000,1.573000000000
1384926008,540.000000000000,0.026500000000
1384935543,512.266000000000,0.083000000000
1384945481,512.266000000000,0.088760000000
1384948487,512.266000000000,0.182060000000
1384996494,600.000000000000,0.500000000000
1384996656,663.200000000000,0.028300000000
1384996656,671.735000000000,0.360000000000
1384996656,673.476000000000,0.058510000000
1385014805,600.000000000000,0.500000000000
1385014805,589.000000000000,0.665620000000
1385016758,654.078000000000,0.156020000000
1385019109,654.975000000000,0.137410000000
1385025955,666.745000000000,0.009000000000
1385025955,690.625000000000,0.435340000000
1385033259,690.625000000000,0.050670000000
1385037470,711.966000000000,0.510000000000
1385037470,722.776000000000,0.210000000000
1385037470,733.585000000000,0.370000000000
1385037470,735.447000000000,0.700000000000
1385037470,740.000000000000,0.210000000000
1385038772,744.394000000000,0.300000000000
1385072816,720.000000000000,0.002770000000
1385073261,720.000000000000,0.097230000000
1385073380,758.523000000000,0.500000000000
1385073380,766.013000000000,0.560000000000
1385073380,771.533000000000,0.200000000000
1385073380,774.717000000000,0.220000000000
1385073380,776.336000000000,0.358910000000
1385077131,690.000000000000,0.293430000000
1385077216,690.000000000000,0.000010000000
1385110499,762.954000000000,0.019490000000
1385114789,762.954000000000,0.290510000000
1385114789,773.423000000000,0.109060000000
1385122646,680.000000000000,0.001000000000
1385144352,714.420000000000,0.010000000000
1385150262,750.000000000000,0.000060000000
1385159609,777.000000000000,0.015000000000
1385159611,777.000000000000,0.015000000000
1385159611,777.000000000000,0.015000000000
1385158176,750.000000000000,0.019940000000
1385158176,821.992000000000,0.103460000000
1385159612,777.000000000000,0.015000000000
1385158808,777.000000000000,0.015000000000
1385158936,777.000000000000,0.015000000000
1385158937,777.000000000000,0.015000000000
1385158938,777.000000000000,0.015000000000
1385158939,777.000000000000,0.015000000000
1385158940,777.000000000000,0.015000000000
1385158943,777.000000000000,0.015000000000
1385158944,777.000000000000,0.015000000000
1385158945,777.000000000000,0.015000000000
1385158946,777.000000000000,0.015000000000
1385158947,777.000000000000,0.015000000000
1385158948,777.000000000000,0.015000000000
1385158949,777.000000000000,0.015000000000
1385158950,777.000000000000,0.015000000000
1385158951,777.000000000000,0.015000000000
1385158952,777.000000000000,0.015000000000
1385158952,777.000000000000,0.015000000000
1385158953,777.000000000000,0.015000000000
1385158954,777.000000000000,0.015000000000
1385158955,777.000000000000,0.015000000000
1385158956,777.000000000000,0.015000000000
1385159199,777.000000000000,0.015000000000
1385159200,777.000000000000,0.015000000000
1385159201,777.000000000000,0.015000000000
1385159202,777.000000000000,0.015000000000
1385159202,777.000000000000,0.015000000000
1385159203,777.000000000000,0.015000000000
1385159204,777.000000000000,0.015000000000
1385159205,777.000000000000,0.015000000000
1385159206,777.000000000000,0.015000000000
1385159207,777.000000000000,0.015000000000
1385159208,777.000000000000,0.015000000000
1385159209,777.000000000000,0.015000000000
1385159210,777.000000000000,0.015000000000
1385159211,777.000000000000,0.015000000000
1385159211,777.000000000000,0.015000000000
1385159212,777.000000000000,0.015000000000
1385159213,777.000000000000,0.015000000000
1385159214,777.000000000000,0.015000000000
1385159217,777.000000000000,0.015000000000
1385159218,777.000000000000,0.015000000000
1385159316,777.000000000000,0.015000000000
1385159317,777.000000000000,0.015000000000
1385159318,777.000000000000,0.015000000000
1385159319,777.000000000000,0.015000000000
1385159320,777.000000000000,0.015000000000
1385159321,777.000000000000,0.015000000000
1385159322,777.000000000000,0.015000000000
1385159323,777.000000000000,0.015000000000
1385159324,777.000000000000,0.015000000000
1385159325,777.000000000000,0.015000000000
1385159326,777.000000000000,0.015000000000
1385159327,777.000000000000,0.015000000000
1385159328,777.000000000000,0.015000000000
1385159329,777.000000000000,0.015000000000
1385159329,777.000000000000,0.015000000000
1385159330,777.000000000000,0.015000000000
1385159331,777.000000000000,0.015000000000
1385159332,777.000000000000,0.015000000000
1385159333,777.000000000000,0.015000000000
1385159334,777.000000000000,0.015000000000
1385159340,777.000000000000,0.015000000000
1385159341,777.000000000000,0.015000000000
1385159342,777.000000000000,0.015000000000
1385159343,777.000000000000,0.015000000000
1385159344,777.000000000000,0.015000000000
1385159345,777.000000000000,0.015000000000
1385159346,777.000000000000,0.015000000000
1385159349,777.000000000000,0.015000000000
1385159350,777.000000000000,0.015000000000
1385159351,777.000000000000,0.015000000000
1385159352,777.000000000000,0.015000000000
1385159353,777.000000000000,0.015000000000
1385159355,777.000000000000,0.015000000000
1385159356,777.000000000000,0.015000000000
1385159357,777.000000000000,0.015000000000
1385159357,777.000000000000,0.015000000000
1385159358,777.000000000000,0.015000000000
1385159359,777.000000000000,0.015000000000
1385159360,777.000000000000,0.015000000000
1385159361,777.000000000000,0.015000000000
1385159515,777.000000000000,0.015000000000
1385159516,777.000000000000,0.015000000000
1385159594,777.000000000000,0.015000000000
1385159595,777.000000000000,0.015000000000
1385159596,777.000000000000,0.015000000000
1385159598,777.000000000000,0.015000000000
1385159598,777.000000000000,0.015000000000
1385159599,777.000000000000,0.015000000000
1385159601,777.000000000000,0.015000000000
1385159602,777.000000000000,0.015000000000
1385159603,777.000000000000,0.015000000000
1385159603,777.000000000000,0.015000000000
1385159604,777.000000000000,0.015000000000
1385159605,777.000000000000,0.015000000000
1385159606,777.000000000000,0.015000000000
1385159607,777.000000000000,0.015000000000
1385159608,777.000000000000,0.015000000000
1385159613,777.000000000000,0.015000000000
1385159913,777.000000000000,0.015000000000
1385159914,777.000000000000,0.015000000000
1385159915,777.000000000000,0.015000000000
1385159916,777.000000000000,0.015000000000
1385159917,777.000000000000,0.015000000000
1385159918,777.000000000000,0.015000000000
1385159919,777.000000000000,0.015000000000
1385159920,777.000000000000,0.015000000000
1385159921,777.000000000000,0.015000000000
1385159922,777.000000000000,0.015000000000
1385159923,777.000000000000,0.015000000000
1385159926,777.000000000000,0.015000000000
1385159927,777.000000000000,0.015000000000
1385159928,777.000000000000,0.015000000000
1385159928,777.000000000000,0.015000000000
1385159929,777.000000000000,0.015000000000
1385159930,777.000000000000,0.015000000000
1385159931,777.000000000000,0.015000000000
1385159932,777.000000000000,0.015000000000
1385159933,777.000000000000,0.015000000000
1385160416,777.000000000000,0.015000000000
1385160419,777.000000000000,0.015000000000
1385160420,777.000000000000,0.015000000000
1385160421,777.000000000000,0.015000000000
1385160423,777.000000000000,0.015000000000
1385160424,777.000000000000,0.015000000000
1385160425,777.000000000000,0.015000000000
1385160426,777.000000000000,0.015000000000
1385160426,777.000000000000,0.015000000000
1385160427,777.000000000000,0.015000000000
1385160428,777.000000000000,0.015000000000
1385160429,777.000000000000,0.015000000000
1385160430,777.000000000000,0.015000000000
1385160431,777.000000000000,0.015000000000
1385160432,777.000000000000,0.015000000000
1385160433,777.000000000000,0.015000000000
1385160434,777.000000000000,0.015000000000
1385160435,777.000000000000,0.015000000000
1385160436,777.000000000000,0.015000000000
1385160437,777.000000000000,0.015000000000
1385160472,777.000000000000,0.015000000000
1385160473,777.000000000000,0.015000000000
1385160474,777.000000000000,0.015000000000
1385160477,777.000000000000,0.015000000000
1385160478,777.000000000000,0.015000000000
1385160479,777.000000000000,0.015000000000
1385160479,777.000000000000,0.015000000000
1385160480,777.000000000000,0.015000000000
1385160481,777.000000000000,0.015000000000
1385160482,777.000000000000,0.015000000000
1385160483,777.000000000000,0.015000000000
1385160484,777.000000000000,0.015000000000
1385160485,777.000000000000,0.015000000000
1385160486,777.000000000000,0.015000000000
1385160487,777.000000000000,0.015000000000
1385160488,777.000000000000,0.015000000000
1385160489,777.000000000000,0.015000000000
1385160492,777.000000000000,0.015000000000
1385160493,777.000000000000,0.015000000000
1385160494,777.000000000000,0.015000000000
1385160534,777.000000000000,0.015000000000
1385160535,777.000000000000,0.015000000000
1385160536,777.000000000000,0.015000000000
1385160537,777.000000000000,0.015000000000
1385160538,777.000000000000,0.015000000000
1385160538,777.000000000000,0.015000000000
1385160539,777.000000000000,0.015000000000
1385160540,777.000000000000,0.015000000000
1385160541,777.000000000000,0.015000000000
1385160542,777.000000000000,0.015000000000
1385160543,777.000000000000,0.015000000000
1385160544,777.000000000000,0.015000000000
1385160545,777.000000000000,0.015000000000
1385160546,777.000000000000,0.015000000000
1385160547,777.000000000000,0.015000000000
1385160548,777.000000000000,0.015000000000
1385160549,777.000000000000,0.015000000000
1385160550,777.000000000000,0.015000000000
1385160551,777.000000000000,0.015000000000
1385160552,777.000000000000,0.015000000000
1385160585,777.000000000000,0.015000000000
1385160586,777.000000000000,0.015000000000
1385160587,777.000000000000,0.015000000000
1385160588,777.000000000000,0.015000000000
1385160589,777.000000000000,0.015000000000
1385160590,777.000000000000,0.015000000000
1385160591,777.000000000000,0.015000000000
1385160594,777.000000000000,0.015000000000
1385160595,777.000000000000,0.015000000000
1385160596,777.000000000000,0.015000000000
1385160597,777.000000000000,0.015000000000
1385160598,777.000000000000,0.015000000000
1385160598,777.000000000000,0.015000000000
1385160599,777.000000000000,0.015000000000
1385160600,777.000000000000,0.015000000000
1385160601,777.000000000000,0.015000000000
1385160602,777.000000000000,0.015000000000
1385160603,777.000000000000,0.015000000000
1385160604,777.000000000000,0.015000000000
1385160605,777.000000000000,0.015000000000
1385160652,777.000000000000,0.018000000000
1385160653,777.000000000000,0.018000000000
1385160654,777.000000000000,0.018000000000
1385160655,777.000000000000,0.018000000000
1385160656,777.000000000000,0.018000000000
1385160657,777.000000000000,0.018000000000
1385160658,777.000000000000,0.018000000000
1385160658,777.000000000000,0.018000000000
1385160659,777.000000000000,0.018000000000
1385160660,777.000000000000,0.018000000000
1385160661,777.000000000000,0.018000000000
1385160662,777.000000000000,0.018000000000
1385160663,777.000000000000,0.018000000000
1385160664,777.000000000000,0.018000000000
1385160665,777.000000000000,0.018000000000
1385160666,777.000000000000,0.018000000000
1385160667,777.000000000000,0.018000000000
1385160668,777.000000000000,0.018000000000
1385160669,777.000000000000,0.018000000000
1385160670,777.000000000000,0.018000000000
1385167042,830.000000000000,0.009000000000
1385167088,830.000000000000,0.000400000000
1385177800,853.917000000000,0.017560000000
1385186026,768.332000000000,0.410000000000
1385186026,753.000000000000,0.400000000000
1385186026,752.522000000000,0.190000000000
1385186120,868.191000000000,0.370000000000
1385186120,869.425000000000,0.130850000000
1385188019,874.721000000000,0.006860000000
1385192055,890.000000000000,0.676940000000
1385213409,890.000000000000,0.323060000000
1385214484,890.000000000000,0.018240000000
1385220265,889.000000000000,0.008770000000
1385220707,889.000000000000,0.001230000000
1385220781,890.000000000000,0.301760000000
1385220892,900.000000000000,0.800340000000
1385221085,905.902000000000,0.290000000000
1385225811,800.000000000000,0.009400000000
1385228152,912.664000000000,0.410000000000
1385228301,920.000000000000,1.000000000000
1385228507,920.000000000000,1.000000000000
1385230779,850.000000000000,0.007000000000
1385230779,915.000000000000,0.992500000000
1385230823,915.000000000000,0.007000000000
1385230942,923.872000000000,0.068360000000
1385232860,792.000000000000,0.010000000000
1385233107,792.000000000000,0.010000000000
1385237300,810.000000000000,0.006000000000
1385237588,810.000000000000,0.003000000000
1385258433,796.000000000000,0.500000000000
1385258433,795.000000000000,0.400000000000
1385258442,795.000000000000,0.071800000000
1385277530,840.000000000000,0.020000000000
1385277530,862.139000000000,0.420000000000
1385277530,864.300000000000,0.310000000000
1385277530,866.460000000000,0.300000000000
1385277530,867.406000000000,0.393000000000
1385312398,796.000000000000,0.000080000000
1385314552,880.000000000000,1.013930000000
1385314755,880.000000000000,0.124070000000
1385332291,840.000000000000,0.000100000000
1385332291,850.000000000000,1.000000000000
1385332291,857.430000000000,0.049190000000
1385353520,800.000000000000,0.000040000000
1385367020,800.000000000000,0.015000000000
1385367206,860.000000000000,0.013000000000
1385391288,810.000000000000,0.000100000000
1385391288,800.000000000000,0.484960000000
1385391288,800.000000000000,0.564230000000
1385410251,800.000000000000,0.024750000000
1385414024,801.000000000000,0.012730000000
1385414428,801.000000000000,0.021780000000
1385414586,801.000000000000,0.165490000000
1385415067,800.000000000000,0.024750000000
1385415161,800.000000000000,0.024750000000
1385415417,800.000000000000,0.014450000000
1385416742,800.000000000000,0.347070000000
1385416742,796.000000000000,0.047780000000
1385416742,795.000000000000,0.605150000000
1385443993,850.000000000000,0.068600000000
1385453101,850.000000000000,0.702680000000
1385453359,850.000000000000,0.228720000000
1385453359,850.000000000000,0.005990000000
1385454545,850.000000000000,0.044010000000
1385454545,860.000000000000,1.000000000000
1385454545,882.233000000000,0.660000000000
1385454545,883.246000000000,0.500000000000
1385454545,883.457000000000,0.480000000000
1385454545,885.413000000000,0.220000000000
1385454545,886.000000000000,0.500000000000
1385454545,887.170000000000,0.750000000000
1385454545,889.752000000000,0.600000000000
1385454545,890.000000000000,0.500000000000
1385454545,895.626000000000,0.550000000000
1385454545,896.040000000000,0.220000000000
1385454545,902.548000000000,0.440000000000
1385454545,915.000000000000,1.145550000000
1385454545,919.000000000000,1.000000000000
1385454545,920.000000000000,1.390440000000
1385454847,880.619000000000,0.520000000000
1385456948,878.815000000000,0.620000000000
1385456948,878.815000000000,0.020000000000
1385478117,891.475000000000,0.210000000000
1385478117,895.600000000000,0.360000000000
1385478117,898.189000000000,0.494220000000
1385492204,900.000000000000,0.102000000000
1385496468,900.000000000000,0.098000000000
1385509066,950.000000000000,0.700000000000
1385509474,950.000000000000,0.050000000000
1385527775,950.000000000000,0.234210000000
1385539915,891.698000000000,0.300010000000
1385545783,990.000000000000,0.062660000000
1385545783,995.000000000000,1.523380000000
1385547821,995.000000000000,0.130000000000
1385549060,995.000000000000,0.494250000000
1385561574,1024.000000000000,0.878900000000
1385566098,1024.000000000000,1.848700000000
1385566098,1060.000000000000,0.085340000000
1385575236,1041.000000000000,0.250000000000
1385575277,1041.000000000000,0.024750000000
1385575437,1041.000000000000,0.024750000000
1385575691,1041.000000000000,0.024750000000
1385575780,1041.000000000000,0.200000000000
1385575831,1041.000000000000,0.024750000000
1385576781,1041.000000000000,0.200000000000
1385577034,1041.000000000000,1.144000000000
1385577443,953.000000000000,0.500000000000
1385577443,952.900000000000,1.100000000000
1385578805,1045.000000000000,0.931680000000
1385582371,1045.000000000000,11.000000000000
1385583218,1060.000000000000,2.333510000000
1385585145,953.863000000000,0.104000000000
1385594057,1065.000000000000,0.093140000000
1385597075,1070.000000000000,0.447220000000
1385616814,1060.000000000000,0.196410000000
1385620799,1060.000000000000,4.692090000000
1385626696,1065.000000000000,5.805630000000
1385626784,1065.000000000000,0.500000000000
1385626950,1065.000000000000,0.075110000000
1385628429,1070.000000000000,0.421000000000
1385641253,1125.000000000000,0.080000000000
1385656940,1125.000000000000,0.144200000000
1385656940,1140.000000000000,0.100000000000
1385656940,1144.000000000000,0.048560000000
1385665223,1050.000000000000,0.038000000000
1385679826,1003.000000000000,0.015000000000
1385679966,1003.000000000000,0.015000000000
1385680295,1020.000000000000,0.050000000000
1385680105,1003.000000000000,0.009000000000
1385680105,1005.000000000000,0.006000000000
1385680295,1005.000000000000,0.005000000000
1385680295,1008.473000000000,0.090000000000
1385680295,1010.000000000000,0.006250000000
1385680295,1012.473000000000,0.090000000000
1385680295,1015.000000000000,0.050000000000
1385680295,1017.473000000000,0.050000000000
1385680318,1031.401000000000,0.015000000000
1385680770,1090.473000000000,0.070000000000
1385680770,1125.000000000000,0.315160000000
1385680798,1125.000000000000,0.067850000000
1385686250,1001.000000000000,0.500000000000
1385686250,1000.000000000000,0.500000000000
1385686274,1007.370000000000,0.360000000000
1385686274,1000.000000000000,0.500000000000
1385686274,990.000000000000,0.140000000000
1385686849,1100.000000000000,0.590900000000
1385687831,990.000000000000,0.310000000000
1385687831,975.000000000000,0.200000000000
1385687831,958.500000000000,0.010000000000
1385687831,955.000000000000,0.480000000000
1385714761,1065.000000000000,0.009630000000
1385714761,1101.071000000000,0.200000000000
1385714761,1120.000000000000,0.311180000000
1385721269,959.000000000000,0.013760000000
1385721269,955.000000000000,0.020000000000
1385721269,953.700000000000,0.230000000000
1385721269,949.025000000000,0.320000000000
1385721269,931.428000000000,0.416240000000
1385721408,931.428000000000,0.313760000000
1385721408,929.262000000000,0.380000000000
1385721408,922.722000000000,0.306240000000
1385721575,922.722000000000,0.293760000000
1385721575,914.016000000000,0.510000000000
1385721575,905.310000000000,0.196240000000
1385721863,905.310000000000,0.353760000000
1385721863,896.605000000000,0.646240000000
1385722015,977.075000000000,0.270000000000
1385722015,896.605000000000,0.013760000000
1385722015,886.000000000000,1.000000000000
1385722015,885.000000000000,2.054240000000
1385731401,978.281000000000,0.098890000000
1385731563,1075.000000000000,0.015000000000
1385731686,1075.000000000000,0.015000000000
1385731819,1075.000000000000,0.015000000000
1385731907,1075.000000000000,0.015000000000
1385732768,1075.000000000000,0.093020000000
1385733393,1075.000000000000,0.048420000000
1385734764,1120.000000000000,0.086370000000
1385734985,1055.000000000000,0.015000000000
1385735013,1055.000000000000,0.015000000000
1385735157,1055.000000000000,0.015000000000
1385735302,1055.000000000000,0.015000000000
1385735594,1055.000000000000,0.015000000000
1385735730,1055.000000000000,0.015000000000
1385735886,1055.000000000000,0.015000000000
1385743496,980.000000000000,0.266820000000
1385743518,1055.000000000000,0.145000000000
1385743518,1120.000000000000,0.096880000000
1385746413,1120.000000000000,0.015000000000
1385746376,1120.000000000000,0.005570000000
1385746535,1120.000000000000,0.015000000000
1385746670,1120.000000000000,0.015000000000
1385747784,1120.000000000000,0.015000000000
1385747881,1120.000000000000,0.015000000000
1385748023,1120.000000000000,0.015000000000
1385748494,1120.000000000000,0.015000000000
1385748622,1120.000000000000,0.015000000000
1385748754,1120.000000000000,0.015000000000
1385748895,1120.000000000000,0.015000000000
1385748913,1120.000000000000,0.074430000000
1385753849,1120.000000000000,0.386600000000
1385758497,1120.000000000000,0.140000000000
1385760013,1011.700000000000,0.010000000000
1385760013,980.000000000000,0.192180000000
1385760013,978.281000000000,0.151110000000
1385760013,978.281000000000,0.574510000000
1385760013,900.000000000000,1.261200000000
1385760497,1100.000000000000,0.015000000000
1385760640,1100.000000000000,0.015000000000
1385760769,1100.000000000000,0.015000000000
1385760806,1100.000000000000,0.015000000000
1385760946,1100.000000000000,0.015000000000
1385761097,1100.000000000000,0.015000000000
1385761247,1100.000000000000,0.015000000000
1385761375,1100.000000000000,0.015000000000
1385761532,1100.000000000000,0.015000000000
1385761667,1100.000000000000,0.015000000000
1385761798,1100.000000000000,0.006200000000
1385764478,1120.000000000000,0.122260000000
1385764607,1120.000000000000,0.031150000000
1385797221,995.000000000000,0.060200000000
1385799852,1120.000000000000,0.053480000000
1385804757,1120.000000000000,0.178570000000
1385808213,1120.000000000000,0.013510000000
1385808213,1124.100000000000,0.009630000000
1385808213,1194.000000000000,0.500000000000
1385808213,1225.815000000000,0.110000000000
1385808213,1235.730000000000,0.120000000000
1385808213,1238.584000000000,0.070620000000
1385814480,1238.584000000000,0.039380000000
1385814480,1239.591000000000,0.170000000000
1385814480,1239.598000000000,0.034100000000
1385814871,1239.598000000000,0.175900000000
1385814871,1242.195000000000,0.210000000000
1385814871,1265.000000000000,7.431180000000
1385821805,1265.000000000000,0.750400000000
1385825578,1168.305000000000,0.140000000000
1385825612,1168.305000000000,0.015000000000
1385826219,1168.305000000000,0.015000000000
1385826841,1168.305000000000,0.015000000000
1385826978,1168.305000000000,0.015000000000
1385827103,1168.305000000000,0.006380000000
1385827169,1265.000000000000,5.000000000000
1385827271,1168.305000000000,0.015000000000
1385827414,1168.305000000000,0.015000000000
1385827549,1168.305000000000,0.015000000000
1385827693,1168.305000000000,0.015000000000
1385827834,1168.305000000000,0.015000000000
1385827968,1168.305000000000,0.015000000000
1385828157,1168.305000000000,0.015000000000
1385828308,1168.305000000000,0.015000000000
1385828453,1168.305000000000,0.015000000000
1385828600,1168.305000000000,0.015000000000
1385828757,1168.305000000000,0.015000000000
1385828904,1168.305000000000,0.015000000000
1385829036,1168.305000000000,0.015000000000
1385833658,1168.305000000000,0.035000000000
1385834501,1168.305000000000,0.100000000000
1385834745,1168.305000000000,0.005980000000
1385835927,1168.305000000000,0.030000000000
1385839091,1168.305000000000,0.050000000000
1385841331,1168.305000000000,0.010080000000
1385843437,1215.814000000000,0.210000000000
1385843437,1260.000000000000,1.781490000000
1385843491,1260.000000000000,1.971080000000
1385860900,1168.305000000000,0.847690000000
1385866464,1196.112000000000,0.130000000000
1385866464,1198.135000000000,0.100000000000
1385866464,1220.490000000000,0.020230000000
1385872434,1168.305000000000,0.046480000000
1385876004,1112.800000000000,0.010500000000
1385898023,1075.000000000000,0.039090000000
1385898023,1060.000000000000,0.615410000000
1385898126,1060.000000000000,0.064590000000
1385898168,900.000000000000,0.003500000000
1385919879,1051.000000000000,0.100000000000
1385919879,1059.000000000000,0.066300000000
1385920002,1025.000000000000,0.120000000000
1385920205,1078.480000000000,0.110000000000
1385920205,1080.271000000000,0.121600000000
1385923262,1001.000000000000,0.120000000000
1385925191,891.000000000000,0.075600000000
1385925191,890.001000000000,0.108000000000
1385925191,890.000000000000,0.054750000000
1385929312,891.000000000000,0.200880000000
1385929449,891.000000000000,0.002120000000
1385929449,890.000000000000,0.107880000000
1385929974,911.492000000000,0.250000000000
1385930137,990.000000000000,0.252520000000
1385932138,1040.000000000000,1.013030000000
1385932331,1009.958000000000,0.130000000000
1385937703,1005.000000000000,0.047000000000
1385947611,900.000000000000,0.018700000000
1385947611,899.743000000000,0.011300000000
1385955193,921.939000000000,0.000900000000
1385979143,1092.200000000000,0.048000000000
1385989222,1062.229000000000,0.000780000000
1386003986,1010.000000000000,0.001180000000
1386005330,1049.950000000000,0.100000000000
1386005330,1050.000000000000,0.000780000000
1386005330,1050.000000000000,0.055150000000
1386008964,1010.000000000000,0.045580000000
1386010989,1000.000000000000,0.001190000000
1386011256,1000.000000000000,0.015000000000
1386011410,1000.000000000000,0.015000000000
1386011554,1000.000000000000,0.008810000000
1386018115,1049.000000000000,0.045320000000
1386018115,1050.000000000000,0.223900000000
1386024527,953.675000000000,0.031000000000
1386057063,1000.000000000000,0.015000000000
1386057187,1000.000000000000,0.015000000000
1386057319,1000.000000000000,0.015000000000
1386061421,1000.000000000000,0.005000000000
1386061421,1030.000000000000,0.010000000000
1386062434,1030.000000000000,0.015000000000
1386062514,1030.000000000000,0.015000000000
1386062637,1030.000000000000,0.015000000000
1386062760,1030.000000000000,0.015000000000
1386062885,1030.000000000000,0.015000000000
1386063016,1030.000000000000,0.015000000000
1386063156,1030.000000000000,0.015000000000
1386063340,940.000000000000,0.000340000000
1386063353,1030.000000000000,0.015000000000
1386063493,1030.000000000000,0.015000000000
1386063629,1030.000000000000,0.015000000000
1386063766,1030.000000000000,0.015000000000
1386064110,1030.000000000000,0.015000000000
1386064235,1030.000000000000,0.015000000000
1386064378,1030.000000000000,0.015000000000
1386066745,1030.000000000000,0.000310000000
1386068807,1030.000000000000,0.109690000000
1386068807,1050.000000000000,0.021710000000
1386069101,1050.000000000000,0.028100000000
1386069263,1050.000000000000,0.245650000000
1386069263,1150.228000000000,0.189380000000
1386069778,1163.418000000000,0.100000000000
1386069778,1166.259000000000,0.064680000000
1386077565,1004.485000000000,0.026650000000
1386080789,1167.374000000000,0.022930000000
1386082673,1000.000000000000,0.200000000000
1386086536,1150.000000000000,0.200000000000
1386086536,1165.000000000000,0.325980000000
1386086724,1165.000000000000,0.456470000000
1386088874,1133.000000000000,0.015000000000
1386089011,1133.000000000000,0.015000000000
1386089139,1133.000000000000,0.015000000000
1386089288,1133.000000000000,0.015000000000
1386089444,1133.000000000000,0.015000000000
1386091704,1167.374000000000,0.197070000000
1386091704,1169.466000000000,0.130000000000
1386091704,1169.541000000000,0.220000000000
1386091704,1170.000000000000,0.285140000000
1386097962,1133.000000000000,0.005000000000
1386106266,1170.000000000000,0.625460000000
1386107549,1170.000000000000,0.032940000000
1386114926,1165.000000000000,0.859000000000
1386114604,1160.000000000000,1.000000000000
1386114640,1160.000000000000,0.014310000000
1386114656,1165.000000000000,2.895000000000
1386114765,1160.000000000000,0.015000000000
1386114896,1160.000000000000,0.015000000000
1386115018,1160.000000000000,0.015000000000
1386115252,1160.000000000000,0.015000000000
1386115522,1160.000000000000,0.015000000000
1386115656,1160.000000000000,0.015000000000
1386115797,1160.000000000000,0.015000000000
1386115976,1160.000000000000,0.015000000000
1386116115,1160.000000000000,0.015000000000
1386116129,1160.000000000000,0.000010000000
1386116264,1160.000000000000,0.015000000000
1386116393,1160.000000000000,0.015000000000
1386116623,1160.000000000000,0.020000000000
1386116628,1160.000000000000,0.000680000000
1386150824,1086.055000000000,0.021370000000
1386151980,1086.055000000000,0.108630000000
1386151980,1087.381000000000,0.060000000000
1386151980,1088.146000000000,0.130000000000
1386151980,1089.738000000000,0.060000000000
1386151980,1094.548000000000,0.070000000000
1386151980,1099.724000000000,0.060000000000
1386151980,1100.000000000000,0.019900000000
1386151980,1107.032000000000,0.110000000000
1386151980,1107.446000000000,0.089810000000
1386154846,1035.000000000000,0.050000000000
1386154947,1035.000000000000,0.450000000000
1386154947,1032.000000000000,0.953070000000
1386154947,1031.545000000000,0.130000000000
1386154947,1031.545000000000,0.110000000000
1386154947,1028.946000000000,0.140000000000
1386154947,1028.946000000000,0.150000000000
1386154947,1026.347000000000,0.060000000000
1386154947,1026.347000000000,0.100000000000
1386154947,1023.748000000000,0.060000000000
1386154947,1023.748000000000,0.070000000000
1386154947,1021.149000000000,0.090000000000
1386154947,1021.149000000000,0.090000000000
1386154947,1018.550000000000,0.110000000000
1386154947,1018.550000000000,0.090000000000
1386154947,1015.951000000000,0.110000000000
1386154947,1015.951000000000,0.060000000000
1386154947,1013.351000000000,0.110000000000
1386154947,1013.351000000000,0.050000000000
1386154947,1010.752000000000,0.066930000000
1386158877,1090.000000000000,0.015000000000
1386161211,1090.000000000000,0.015000000000
1386161357,1090.000000000000,0.015000000000
1386161503,1090.000000000000,0.015000000000
1386164244,1090.000000000000,0.280000000000
1386166293,1080.000000000000,0.015000000000
1386166414,1080.000000000000,0.015000000000
1386166541,1080.000000000000,0.015000000000
1386166675,1080.000000000000,0.015000000000
1386166819,1080.000000000000,0.015000000000
1386166959,1080.000000000000,0.015000000000
1386167109,1080.000000000000,0.015000000000
1386167252,1080.000000000000,0.015000000000
1386167379,1080.000000000000,0.015000000000
1386167503,1080.000000000000,0.015000000000
1386167639,1080.000000000000,0.015000000000
1386167768,1080.000000000000,0.015000000000
1386167903,1079.000000000000,0.015000000000
1386168032,1079.000000000000,0.015000000000
1386171998,1080.000000000000,0.320000000000
1386173338,1090.000000000000,0.160000000000
1386173338,1107.446000000000,0.060190000000
1386173338,1108.014000000000,0.110000000000
1386173338,1109.711000000000,0.050000000000
1386173338,1110.626000000000,0.130000000000
1386173338,1110.644000000000,0.050000000000
1386173338,1111.615000000000,0.050000000000
1386173338,1112.742000000000,0.150000000000
1386173338,1113.081000000000,0.070000000000
1386173338,1119.698000000000,0.100000000000
1386173364,1119.698000000000,0.015000000000
1386173510,1119.698000000000,0.015000000000
1386173647,1119.698000000000,0.015000000000
1386173797,1119.698000000000,0.015000000000
1386173945,1119.698000000000,0.009810000000
1386180039,1160.000000000000,0.014320000000
1386180039,1190.000000000000,0.180800000000
1386188554,1170.919000000000,0.100000000000
1386188554,1174.745000000000,0.110000000000
1386188554,1178.572000000000,0.070000000000
1386188554,1190.000000000000,1.220000000000
1386188593,1190.000000000000,0.099200000000
1386188665,1236.300000000000,0.010200000000
1386188665,1265.000000000000,0.120830000000
1386189373,1200.000000000000,0.015000000000
1386189654,1190.000000000000,0.000800000000
1386190731,1127.000000000000,0.015000000000
1386191141,1145.460000000000,0.060000000000
1386191141,1160.760000000000,0.099200000000
1386191141,1260.000000000000,3.800090000000
1386195425,1174.000000000000,0.010200000000
1386197613,1153.620000000000,0.050000000000
1386197613,1199.000000000000,0.100000000000
1386197613,1245.000000000000,0.136690000000
1386231640,1127.000000000000,0.013500000000
1386231812,1112.000000000000,0.015000000000
1386231878,1112.000000000000,0.015000000000
1386231977,1112.000000000000,0.015000000000
1386232116,1112.000000000000,0.015000000000
1386232433,1112.000000000000,0.110000000000
1386232436,1112.000000000000,0.100000000000
1386232447,1112.000000000000,0.050000000000
1386232448,1112.000000000000,0.060000000000
1386232449,1112.000000000000,0.080000000000
1386232450,1112.000000000000,0.120000000000
1386234053,1112.000000000000,0.190000000000
1386234053,1030.500000000000,0.614490000000
1386234053,1010.000000000000,0.051200000000
1386234053,991.500000000000,0.774020000000
1386234234,991.500000000000,0.017150000000
1386234941,1135.000000000000,0.380960000000
1386235717,1135.000000000000,1.480760000000
1386237683,991.500000000000,0.999130000000
1386238890,940.100000000000,0.127770000000
1386239253,1035.000000000000,0.028980000000
1386239390,966.000000000000,0.020700000000
1386239463,966.000000000000,0.039300000000
1386239463,1050.000000000000,0.000980000000
1386240443,1080.000000000000,0.000230000000
1386246175,1040.000000000000,0.040000000000
1386246175,1060.000000000000,0.055090000000
1386247919,1070.000000000000,0.049960000000
1386247919,1110.000000000000,0.837970000000
1386249708,1050.000000000000,0.015000000000
1386250057,1050.000000000000,0.015000000000
1386250181,1050.000000000000,0.015000000000
1386250317,1050.000000000000,0.015000000000
1386250460,1050.000000000000,0.015000000000
1386250613,1050.000000000000,0.015000000000
1386250739,1050.000000000000,0.010000000000
1386251562,1014.000000000000,0.015000000000
1386251811,1122.000000000000,0.115050000000
1386254881,1014.000000000000,0.008110000000
1386255069,1014.000000000000,0.126890000000
1386255069,980.000000000000,0.500000000000
1386255069,970.000000000000,0.271880000000
1386255224,1100.000000000000,0.007470000000
1386257778,1044.750000000000,0.070000000000
1386257778,1046.740000000000,0.150000000000
1386257778,1048.730000000000,0.080000000000
1386257778,1050.000000000000,0.198190000000
1386257778,1060.000000000000,0.299440000000
1386266629,1060.000000000000,0.014000000000
1386266842,1060.000000000000,0.186560000000
1386266842,1119.000000000000,0.010870000000
1386267334,1125.000000000000,0.600000000000
1386267334,1140.000000000000,1.586500000000
1386278120,1101.450000000000,0.003500000000
1386283621,1064.710000000000,0.110000000000
1386283621,1069.105000000000,0.077520000000
1386287421,1092.000000000000,0.084060000000
1386292360,1012.783000000000,0.012010000000
1386292360,1010.000000000000,0.137990000000
1386292361,1010.000000000000,0.050000000000
1386292362,1010.000000000000,0.062010000000
1386292794,990.000000000000,0.030000000000
1386294684,990.000000000000,0.220000000000
1386295349,995.000000000000,0.280000000000
1386305806,984.000000000000,0.001500000000
1386306412,984.000000000000,0.098500000000
1386307110,960.000000000000,0.001000000000
1386321783,1060.000000000000,0.001000000000
1386321783,1080.000000000000,0.250000000000
1386321783,1082.138000000000,0.080000000000
1386321783,1090.000000000000,0.250000000000
1386321783,1105.000000000000,0.822140000000
1386330151,1025.000000000000,0.011800000000
1386339607,1025.000000000000,0.020000000000
1386343376,1056.898000000000,0.001060000000
1386344641,1025.000000000000,0.020000000000
1386344922,1025.000000000000,0.198200000000
1386345405,997.500000000000,0.250000000000
1386345487,970.000000000000,0.010000000000
1386347371,970.000000000000,1.000000000000
1386347371,970.000000000000,0.490000000000
1386347668,960.000000000000,0.300000000000
1386347881,951.000000000000,0.085000000000
1386348651,951.000000000000,0.017920000000
1386348666,942.000000000000,0.017920000000
1386348685,942.000000000000,0.017920000000
1386348703,942.000000000000,0.134160000000
1386348729,940.000000000000,0.221300000000
1386354156,900.000000000000,0.005790000000
1386354279,965.304000000000,0.010320000000
1386355170,900.000000000000,0.050000000000
1386355551,900.000000000000,0.682900000000
1386355591,900.000000000000,0.100000000000
1386355703,900.000000000000,0.103420000000
1386355739,900.000000000000,0.100000000000
1386355803,900.000000000000,1.064850000000
1386355854,900.000000000000,0.645340000000
1386355875,900.000000000000,0.015000000000
1386356488,898.711000000000,0.015000000000
1386356565,876.000000000000,0.080000000000
1386356566,876.000000000000,0.100000000000
1386356643,876.000000000000,0.100000000000
1386356646,876.000000000000,0.466240000000
1386360043,850.300000000000,0.034560000000
1386361085,902.870000000000,0.032540000000
1386361110,850.010000000000,0.110080000000
1386361139,850.010000000000,0.015000000000
1386362133,902.880000000000,0.120000000000
1386362133,903.563000000000,0.110000000000
1386362133,904.082000000000,0.110000000000
1386362592,814.000000000000,0.030000000000
1386362786,999.900000000000,0.910000000000
1386362786,999.990000000000,0.063770000000
1386363610,865.000000000000,0.015000000000
1386363682,840.000000000000,0.000140000000
1386363734,865.000000000000,0.015000000000
1386363903,801.000000000000,0.890000000000
1386363939,801.000000000000,0.015000000000
1386363939,800.308000000000,0.100000000000
1386363939,799.148000000000,0.150000000000
1386363939,797.988000000000,0.140000000000
1386363939,796.828000000000,0.070000000000
1386363939,795.668000000000,0.110000000000
1386363939,795.000000000000,0.115000000000
1386372862,801.000000000000,0.012500000000
1386376490,879.238000000000,0.056860000000
1386381193,801.000000000000,0.004440000000
1386382031,748.981000000000,0.014850000000
1386382213,748.981000000000,0.095150000000
1386382318,747.000000000000,0.015000000000
1386382398,746.586000000000,0.014850000000
1386388409,772.200000000000,0.015000000000
1386390093,700.000000000000,0.500000000000
1386390093,689.908000000000,0.110000000000
1386390093,688.908000000000,0.080000000000
1386390093,687.908000000000,0.090000000000
1386390093,686.908000000000,0.100000000000
1386390093,685.908000000000,0.130000000000
1386390093,684.908000000000,0.050000000000
1386390093,683.908000000000,0.080000000000
1386390093,682.908000000000,0.050000000000
1386390093,681.909000000000,0.110000000000
1386390093,680.909000000000,0.080000000000
1386390093,679.909000000000,0.060000000000
1386390093,678.909000000000,0.050000000000
1386390093,677.909000000000,0.150000000000
1386390093,676.909000000000,0.100000000000
1386390093,675.909000000000,0.080000000000
1386390093,675.000000000000,2.180000000000
1386390374,760.000000000000,0.015000000000
1386390538,760.000000000000,0.015000000000
1386390681,760.000000000000,0.015000000000
1386390743,760.000000000000,0.455000000000
1386394021,690.000000000000,2.779540000000
1386398186,695.000000000000,0.014850000000
1386398332,695.000000000000,0.014850000000
1386399974,701.956000000000,0.098720000000
1386399997,695.000000000000,0.050000000000
1386399998,695.000000000000,0.130000000000
1386399999,695.000000000000,0.120000000000
1386400000,695.000000000000,0.070000000000
1386400002,695.000000000000,0.110000000000
1386400004,695.000000000000,0.070000000000
1386400005,695.000000000000,0.120000000000
1386400010,695.000000000000,0.070000000000
1386400013,695.000000000000,0.060000000000
1386400015,695.000000000000,0.070000000000
1386400018,695.000000000000,0.050000000000
1386400019,695.000000000000,0.150000000000
1386400020,695.000000000000,0.090000000000
1386400393,695.000000000000,0.014850000000
1386401100,695.000000000000,0.014850000000
1386401234,695.000000000000,0.014850000000
1386401359,695.000000000000,0.014850000000
1386401546,695.000000000000,0.014850000000
1386401677,695.000000000000,0.014850000000
1386401822,695.000000000000,0.014850000000
1386401916,695.000000000000,0.090000000000
1386402033,695.000000000000,0.014850000000
1386402408,695.000000000000,0.001500000000
1386403277,602.900000000000,0.030200000000
1386403277,600.000000000000,0.039800000000
1386403280,600.000000000000,0.080200000000
1386403280,600.000000000000,0.059800000000
1386403281,600.000000000000,0.110000000000
1386403283,600.000000000000,0.090000000000
1386403284,600.000000000000,0.100000000000
1386403289,600.000000000000,0.060000000000
1386403289,600.000000000000,0.060000000000
1386403291,600.000000000000,0.120000000000
1386403291,600.000000000000,0.060000000000
1386403292,600.000000000000,0.150000000000
1386403293,600.000000000000,0.120000000000
1386403832,606.320000000000,0.015000000000
1386403872,606.320000000000,0.015000000000
1386404388,600.000000000000,0.027030000000
1386404669,636.000000000000,0.015000000000
1386404878,626.566000000000,0.015000000000
1386404979,626.566000000000,0.015000000000
1386405048,626.566000000000,0.025890000000
1386405592,636.000000000000,0.015000000000
1386413189,712.800000000000,0.100000000000
1386413189,714.036000000000,0.060000000000
1386413189,714.571000000000,0.140000000000
1386413189,715.932000000000,0.080000000000
1386413189,716.343000000000,0.070000000000
1386413189,716.651000000000,0.130000000000
1386413189,717.665000000000,0.130000000000
1386413189,718.115000000000,0.100000000000
1386413189,718.200000000000,0.110000000000
1386413189,719.887000000000,0.100000000000
1386413189,721.659000000000,0.120000000000
1386413189,750.000000000000,1.521660000000
1386414576,700.000000000000,0.028800000000
1386420250,790.000000000000,0.007840000000
1386420445,790.000000000000,0.160000000000
1386420846,790.000000000000,0.014850000000
1386420978,790.000000000000,0.014850000000
1386421106,790.000000000000,0.014850000000
1386421245,790.000000000000,0.014850000000
1386421260,820.000000000000,0.153040000000
1386421399,790.000000000000,0.014850000000
1386421520,790.000000000000,0.014850000000
1386421659,790.000000000000,0.014850000000
1386421844,800.000000000000,0.014850000000
1386422142,800.000000000000,0.014850000000
1386422256,800.000000000000,0.014850000000
1386422751,795.000000000000,0.014850000000
1386428260,840.000000000000,1.000000000000
1386428311,840.000000000000,1.000000000000
1386430066,820.000000000000,0.050000000000
1386430339,820.000000000000,0.690000000000
1386430355,820.000000000000,0.625370000000
1386430466,820.000000000000,0.176630000000
1386433310,750.000000000000,0.060000000000
1386435840,750.000000000000,0.112900000000
1386435896,750.000000000000,0.080100000000
1386435896,735.000000000000,0.100000000000
1386435896,730.000000000000,0.077300000000
1386436358,735.000000000000,0.400000000000
1386437840,735.000000000000,0.136050000000
1386437873,735.000000000000,0.027210000000
1386437884,735.000000000000,0.001360000000
1386437902,735.000000000000,0.013600000000
1386437910,735.000000000000,0.006850000000
1386437910,790.000000000000,0.006280000000
1386439660,760.000000000000,0.122480000000
1386441842,760.000000000000,0.015000000000
1386441940,755.000000000000,0.162520000000
1386442027,755.000000000000,0.191350000000
1386443010,755.000000000000,0.100000000000
1386443738,825.000000000000,0.744980000000
1386448657,740.000000000000,0.229900000000
1386448723,740.000000000000,0.261460000000
1386452518,760.000000000000,0.161460000000
1386457345,770.000000000000,0.060000000000
1386457347,770.000000000000,0.039300000000
1386457344,770.000000000000,0.060000000000
1386457347,765.000000000000,0.080700000000
1386457348,765.000000000000,0.050000000000
1386457579,765.000000000000,0.369300000000
1386457635,760.000000000000,2.000000000000
1386458067,760.000000000000,3.502950000000
1386458085,760.000000000000,0.235240000000
1386461388,731.000000000000,0.873300000000
1386461402,730.002000000000,0.102840000000
1386465671,730.002000000000,0.504000000000
1386465688,730.000000000000,0.496000000000
1386466135,730.000000000000,1.426700000000
1386466146,723.000000000000,0.370000000000
1386466155,721.000000000000,0.203300000000
1386466317,721.000000000000,0.014850000000
1386466942,700.001000000000,0.011410000000
1386466985,700.001000000000,0.988590000000
1386466992,700.000000000000,1.000000000000
1386467118,700.000000000000,0.011410000000
1386485923,725.000000000000,0.015000000000
1386486041,725.000000000000,0.015000000000
1386486276,725.000000000000,0.270000000000
1386502013,712.519000000000,0.120000000000
1386502063,712.519000000000,0.015000000000
1386502090,712.519000000000,0.015000000000
1386509417,750.000000000000,0.011880000000
1386511832,750.000000000000,0.014850000000
1386511901,755.000000000000,0.014850000000
1386512038,755.000000000000,0.014850000000
1386514671,755.000000000000,0.050000000000
1386517251,705.000000000000,0.030000000000
1386517251,701.001000000000,0.197940000000
1386517251,701.000000000000,2.000000000000
1386517251,700.000000000000,0.988590000000
1386517251,684.715000000000,0.120000000000
1386517251,684.592000000000,0.150000000000
1386517251,683.097000000000,0.140000000000
1386517251,682.637000000000,0.060000000000
1386517251,680.248000000000,0.150000000000
1386517251,680.000000000000,2.000000000000
1386517251,679.355000000000,0.140000000000
1386517251,679.250000000000,0.100000000000
1386517251,678.897000000000,0.090000000000
1386517251,678.452000000000,0.090000000000
1386517251,678.228000000000,0.150000000000
1386517251,676.913000000000,0.060000000000
1386517251,676.566000000000,0.130000000000
1386517251,675.000000000000,3.403470000000
1386517987,757.449000000000,0.090000000000
1386517987,759.252000000000,0.050000000000
1386517987,761.055000000000,0.060000000000
1386517987,762.859000000000,0.120000000000
1386517987,764.662000000000,0.100000000000
1386517987,766.466000000000,0.100000000000
1386517987,768.269000000000,0.120000000000
1386517987,770.073000000000,0.060000000000
1386518006,770.073000000000,0.020000000000
1386518006,771.876000000000,0.130000000000
1386518006,773.680000000000,0.050000000000
1386518029,773.680000000000,0.020000000000
1386518881,695.000000000000,0.033260000000
1386519020,770.000000000000,0.012980000000
1386519517,742.350000000000,0.013400000000
1386519802,737.236000000000,0.060000000000
1386519802,739.227000000000,0.080000000000
1386519802,742.350000000000,0.106600000000
1386519802,744.303000000000,0.130000000000
1386519802,770.000000000000,0.123400000000
1386528126,800.000000000000,0.848750000000
1386530998,800.000000000000,0.133590000000
1386531508,705.000000000000,0.004800000000
1386531508,700.000000000000,0.056500000000
1386531508,695.400000000000,0.038700000000
1386531585,800.000000000000,0.017670000000
1386531585,810.000000000000,0.068770000000
1386533035,809.000000000000,0.004800000000
1386533035,810.000000000000,0.431230000000
1386533035,825.000000000000,5.663970000000
1386533068,825.000000000000,0.052280000000
1386542425,785.000000000000,0.015000000000
1386543426,785.000000000000,0.041500000000
1386543465,825.000000000000,0.500000000000
1386543465,859.990000000000,0.050000000000
1386543465,870.000000000000,0.030000000000
1386543465,880.000000000000,0.206130000000
1386543983,775.100000000000,0.000100000000
1386543983,776.000000000000,0.000010000000
1386545165,795.000000000000,0.050000000000
1386545784,800.000000000000,0.050000000000
1386556026,894.990000000000,0.014660000000
1386573450,900.000000000000,0.020000000000
1386580175,875.000000000000,0.015000000000
1386580299,875.000000000000,0.015000000000
1386580438,875.000000000000,0.015000000000
1386580526,875.000000000000,0.755000000000
1386581763,845.000000000000,0.401620000000
1386592929,840.000000000000,0.000010000000
1386596962,900.000000000000,0.055550000000
1386597245,900.000000000000,0.055550000000
1386608318,899.000000000000,0.046210000000
1386608345,900.000000000000,0.138900000000
1386610569,940.000000000000,0.015670000000
1386610569,950.000000000000,0.341720000000
1386613427,875.000000000000,0.060000000000
1386614052,875.000000000000,0.004310000000
1386614052,850.000000000000,0.228750000000
1386614250,850.000000000000,0.000730000000
1386614274,939.000000000000,0.000660000000
1386627132,925.000000000000,0.350000000000
1386644971,949.000000000000,0.250000000000
1386645236,950.000000000000,0.379700000000
1386651059,950.000000000000,0.042720000000
1386651353,895.000000000000,0.000450000000
1386671458,950.000000000000,0.000100000000
1386671508,950.000000000000,0.000320000000
1386672226,895.000000000000,0.180000000000
1386674997,950.000000000000,0.080000000000
1386676357,905.000000000000,0.008480000000
1386676562,950.000000000000,0.002970000000
1386680882,950.000000000000,0.152470000000
1386680882,960.000000000000,0.055580000000
1386690498,949.999000000000,0.180210000000
1386690498,950.000000000000,0.010660000000
1386690498,960.000000000000,0.148360000000
1386700035,925.000000000000,0.324800000000
1386700035,915.999000000000,0.082600000000
1386700035,912.000000000000,1.500000000000
1386700035,910.000000000000,1.317440000000
1386700946,949.000000000000,0.015000000000
1386701160,949.000000000000,0.015000000000
1386701266,949.000000000000,0.070000000000
1386701810,985.990000000000,0.050000000000
1386701810,986.000000000000,0.034920000000
1386701929,986.000000000000,0.002830000000
1386703462,935.010000000000,0.049740000000
1386703462,916.000000000000,0.104000000000
1386703462,915.001000000000,0.065620000000
1386704874,920.360000000000,0.025690000000
1386707296,931.009000000000,0.000010000000
1386707839,984.900000000000,0.000780000000
1388044866,689.990000000000,0.009710000000
1388047238,689.990000000000,0.042130000000
1388047238,690.000000000000,0.017870000000
1388062097,690.000000000000,0.060000000000
1386718736,984.900000000000,0.081220000000
1386718826,985.000000000000,0.120000000000
1388059308,690.000000000000,0.056210000000
1388069312,690.000000000000,0.712830000000
1388099016,755.555000000000,0.480940000000
1388099016,755.565000000000,0.180820000000
1388071283,700.000000000000,0.010350000000
1388071283,700.000000000000,0.751000000000
1388071541,730.715000000000,0.399790000000
1388071545,730.725000000000,0.335840000000
1388073329,733.291000000000,0.371180000000
1388073329,733.301000000000,0.377180000000
1388074005,736.950000000000,0.348640000000
1386748883,971.240000000000,0.000820000000
1386749006,971.240000000000,0.088020000000
1386749006,971.250000000000,0.284280000000
1386749006,985.000000000000,0.204800000000
1386749006,989.000000000000,0.052250000000
1388074280,736.950000000000,0.001360000000
1386749273,988.990000000000,0.202220000000
1386749508,988.990000000000,0.027300000000
1386750977,988.980000000000,0.149110000000
1386750977,989.000000000000,0.196090000000
1386750977,995.799000000000,0.060000000000
1386750977,995.818000000000,0.080000000000
1386750977,995.854000000000,0.150000000000
1386750977,997.510000000000,0.090000000000
1386750977,997.687000000000,0.140000000000
1386750977,998.000000000000,1.235820000000
1386752214,940.000000000000,0.100000000000
1386754690,940.010000000000,0.014920000000
1386754832,940.010000000000,0.010310000000
1386755225,940.010000000000,0.014920000000
1386755543,940.010000000000,0.092380000000
1386755600,940.000000000000,0.105780000000
1386755620,940.000000000000,0.093060000000
1386756126,920.010000000000,0.014920000000
1386756183,920.010000000000,0.135480000000
1386756271,920.010000000000,0.014920000000
1386756275,920.010000000000,0.194850000000
1386756415,916.950000000000,0.014920000000
1386756466,916.950000000000,0.259880000000
1386756553,915.000000000000,0.014920000000
1386756578,915.000000000000,0.485080000000
1386756596,910.000000000000,0.044590000000
1386756613,910.000000000000,0.090030000000
1386756717,910.000000000000,1.545370000000
1386756717,884.000000000000,0.013580000000
1386756717,856.000000000000,0.007000000000
1386756717,855.950000000000,0.070000000000
1386756717,855.894000000000,0.039120000000
1386757090,899.818000000000,0.140000000000
1386757931,880.010000000000,0.014920000000
1386758082,880.010000000000,0.014920000000
1386758204,880.010000000000,0.014920000000
1388102295,752.864000000000,0.070000000000
1386763516,890.000000000000,0.026560000000
1386763927,905.100000000000,0.001020000000
1386764566,880.010000000000,0.070000000000
1386764567,880.010000000000,0.050000000000
1386764568,880.010000000000,0.050000000000
1386764569,880.010000000000,0.130000000000
1386764570,880.010000000000,0.065240000000
1386764570,880.000000000000,0.084760000000
1386764581,880.000000000000,0.110000000000
1386764582,880.000000000000,0.050000000000
1386764813,880.000000000000,0.005240000000
1386764813,865.000000000000,0.094760000000
1386764814,865.000000000000,0.070000000000
1386765091,850.000000000000,0.090000000000
1386767469,928.221000000000,0.000010000000
1388104400,739.610000000000,0.020000000000
1388086441,739.000000000000,0.344530000000
1386774451,910.000000000000,0.100000000000
1388105462,755.565000000000,0.019450000000
1388105729,739.700000000000,0.019450000000
1388091993,710.130000000000,0.200000000000
1386787498,880.000000000000,0.300000000000
1388157590,721.305000000000,0.200000000000
1388157590,721.260000000000,0.250000000000
1386807051,880.500000000000,0.250000000000
1386807051,880.000000000000,0.395000000000
1386807051,875.000000000000,0.290000000000
1388124251,717.000000000000,0.220000000000
1386824189,853.000000000000,0.000130000000
1388129824,705.670000000000,0.139000000000
1388134962,721.000000000000,0.070200000000
1388154277,730.090000000000,0.357640000000
1388154277,730.080000000000,0.069300000000
1388154277,721.000000000000,1.000000000000
1388154277,685.000000000000,0.080060000000
1386847654,853.000000000000,0.374870000000
1386847654,850.000000000000,0.155420000000
1386847670,895.000000000000,0.300000000000
1386847670,900.000000000000,0.812770000000
1386849454,892.460000000000,0.458260000000
1386849454,892.470000000000,0.187070000000
1386849454,900.000000000000,0.400890000000
1386853064,881.000000000000,0.049500000000
1386854267,875.010000000000,0.500000000000
1386854267,875.000000000000,0.728000000000
1386855719,899.980000000000,0.337640000000
1386855719,899.990000000000,0.287800000000
1386855719,900.000000000000,0.177340000000
1386855719,910.000000000000,0.328870000000
1386855908,875.010000000000,0.158200000000
1386855908,875.000000000000,0.013800000000
1386860845,875.010000000000,0.160000000000
1386866394,880.010000000000,0.142450000000
1386866394,880.000000000000,0.320000000000
1386866394,875.010000000000,0.309400000000
1386866394,875.000000000000,0.972480000000
1386866994,860.000000000000,0.050710000000
1386867287,860.000000000000,0.345960000000
1388201383,733.432000000000,0.035040000000
1388211695,717.771000000000,0.000710000000
1386876722,860.000000000000,0.632700000000
1388211970,738.438000000000,0.000690000000
1386877437,850.000000000000,0.010000000000
1386877676,850.000000000000,0.010000000000
1386877771,860.000000000000,0.010000000000
1386878022,850.000000000000,0.010000000000
1386878077,850.000000000000,0.010000000000
1386878385,860.000000000000,0.010000000000
1386878476,860.000000000000,0.004500000000
1386885843,860.000000000000,0.015000000000
1386886531,860.000000000000,0.015000000000
1386886671,860.000000000000,0.015000000000
1386886865,860.000000000000,0.015000000000
1388176052,732.159000000000,0.292610000000
1388176056,732.139000000000,0.097950000000
1388176064,732.199000000000,0.010000000000
1388176072,734.461000000000,0.130000000000
1386888122,860.000000000000,0.015000000000
1386888365,860.000000000000,0.015000000000
1386888488,860.000000000000,0.015000000000
1386888615,860.000000000000,0.015000000000
1386888750,860.000000000000,0.015000000000
1386888871,860.000000000000,0.015000000000
1386888994,860.000000000000,0.015000000000
1386889134,860.000000000000,0.015000000000
1386889434,860.000000000000,0.015000000000
1386889569,860.000000000000,0.015000000000
1386889707,860.000000000000,0.015000000000
1386889843,860.000000000000,0.015000000000
1386889984,860.000000000000,0.015000000000
1386890108,860.000000000000,0.015000000000
1386890257,860.000000000000,0.015000000000
1386890378,860.000000000000,0.015000000000
1386890499,860.000000000000,0.015000000000
1386890640,860.000000000000,0.015000000000
1386890787,860.000000000000,0.015000000000
1386890931,860.000000000000,0.015000000000
1386891066,860.000000000000,0.015000000000
1386891211,860.000000000000,0.015000000000
1386891352,860.000000000000,0.015000000000
1386891497,860.000000000000,0.015000000000
1386891636,860.000000000000,0.015000000000
1386891760,860.000000000000,0.015000000000
1386891898,860.000000000000,0.015000000000
1386892044,860.000000000000,0.015000000000
1386892183,860.000000000000,0.015000000000
1386892322,860.000000000000,0.015000000000
1386892458,860.000000000000,0.015000000000
1386892601,860.000000000000,0.015000000000
1386892740,860.000000000000,0.015000000000
1386892866,860.000000000000,0.007210000000
1386901006,860.000000000000,0.000100000000
1386901025,860.000000000000,3.000000000000
1386901064,860.000000000000,0.156490000000
1386904608,860.000000000000,4.278490000000
1386906183,860.000000000000,0.932000000000
1388208198,738.448000000000,0.255920000000
1388208198,738.458000000000,0.033870000000
1388196682,717.811000000000,0.100000000000
1386918099,860.000000000000,0.140000000000
1386918379,860.000000000000,0.120000000000
1386918654,860.000000000000,0.060000000000
1388197509,729.560000000000,0.050000000000
1388197671,729.560000000000,0.048300000000
1386923471,860.000000000000,0.130000000000
1386924044,860.000000000000,0.080000000000
1386924338,860.000000000000,0.110000000000
1386924645,860.000000000000,0.070000000000
1386924960,860.000000000000,0.070000000000
1386925253,860.000000000000,0.140000000000
1386925536,860.000000000000,0.090000000000
1386925838,860.000000000000,0.050000000000
1388254623,714.055000000000,0.021350000000
1388254623,714.010000000000,0.108650000000
1386926152,860.000000000000,0.120000000000
1386926465,860.000000000000,0.120000000000
1386926765,860.000000000000,0.080000000000
1386927075,860.000000000000,0.120000000000
1386927357,860.000000000000,0.070000000000
1386927641,860.000000000000,0.060000000000
1386927939,860.000000000000,0.090000000000
1386928057,850.000000000000,1.177240000000
1386928100,850.000000000000,0.022760000000
1386928100,860.000000000000,1.140290000000
1386928250,860.000000000000,0.080000000000
1386928489,847.409000000000,0.100000000000
1386928489,842.650000000000,0.150000000000
1386928514,860.000000000000,0.232550000000
1386928573,860.000000000000,0.140000000000
1386928838,860.000000000000,0.130000000000
1386929164,860.000000000000,0.130000000000
1386929445,860.000000000000,0.070000000000
1386929770,860.000000000000,0.150000000000
1386930046,860.000000000000,0.060000000000
1386930347,860.000000000000,0.080000000000
1386930655,860.000000000000,0.110000000000
1386930940,860.000000000000,0.080000000000
1386931245,860.000000000000,0.080000000000
1386931564,860.000000000000,0.140000000000
1386931843,860.000000000000,0.130000000000
1386936149,859.930000000000,0.052000000000
1386939573,860.000000000000,0.011070000000
1386940234,859.990000000000,0.011770000000
1386940690,860.000000000000,0.012680000000
1388235557,738.378000000000,0.347000000000
1386954250,843.000000000000,0.000190000000
1386954276,859.990000000000,0.000180000000
1388236975,738.448000000000,0.334780000000
1388259113,714.010000000000,0.160000000000
1388240152,738.458000000000,0.019050000000
1388240152,744.600000000000,0.373070000000
1386966482,843.010000000000,0.002400000000
1388260939,739.500000000000,0.050000000000
1386966643,860.000000000000,0.002300000000
1386966692,860.000000000000,0.000050000000
1386966881,843.130000000000,0.046590000000
1386966881,843.000000000000,0.053410000000
1386966981,860.000000000000,0.098030000000
1388261098,745.300000000000,0.140000000000
1388246160,746.630000000000,0.034380000000
1388246196,746.630000000000,0.008690000000
1388246197,746.630000000000,0.006650000000
1388246199,746.630000000000,0.008690000000
1388246274,746.630000000000,0.006750000000
1388246298,746.630000000000,0.006750000000
1388246316,746.630000000000,0.012200000000
1388246339,746.630000000000,0.017120000000
1388246380,746.630000000000,0.020170000000
1388246448,746.630000000000,0.001600000000
1386970165,843.000000000000,0.004940000000
1386970165,830.000000000000,0.015000000000
1386970165,817.855000000000,0.078740000000
1386970877,860.000000000000,0.003190000000
1386978619,860.000000000000,0.001050000000
1388252464,718.000000000000,0.054400000000
1388252479,717.680000000000,0.230000000000
1388252518,717.635000000000,0.275000000000
1388253399,728.586000000000,0.080000000000
1388253520,729.320000000000,0.020000000000
1388253550,714.055000000000,0.020000000000
1388254081,714.055000000000,0.218650000000
1388267744,740.000000000000,0.000020000000
1388325884,715.078000000000,0.010000000000
1388325884,715.006000000000,0.005830000000
1388280805,735.420000000000,0.100000000000
1387026294,860.000000000000,0.415630000000
1387031586,893.550000000000,0.241260000000
1387041362,830.100000000000,0.103610000000
1387041420,893.470000000000,0.096260000000
1388328214,715.222000000000,0.010000000000
1388328235,715.293000000000,0.025000000000
1388328273,715.418000000000,0.040000000000
1388328291,715.619000000000,0.055000000000
1388328312,715.894000000000,0.070000000000
1388328413,716.245000000000,0.085000000000
1388328433,716.671000000000,0.100000000000
1387052299,860.010000000000,0.006200000000
1388334688,715.178000000000,0.018440000000
1388337145,717.173000000000,0.015780000000
1388337322,715.078000000000,0.015780000000
1387068728,860.010000000000,0.089150000000
1387068728,860.000000000000,0.010850000000
1387070051,860.010000000000,0.004460000000
1387070051,860.000000000000,0.095540000000
1387070217,860.000000000000,0.010000000000
1387070463,860.000000000000,0.003610000000
1388339851,717.173000000000,0.099220000000
1388339918,717.750000000000,0.125230000000
1388340820,717.750000000000,0.004770000000
1387083030,885.413000000000,0.150000000000
1387083030,888.599000000000,0.100000000000
1387083030,889.329000000000,0.050000000000
1387083030,890.102000000000,0.080000000000
1387083030,890.990000000000,0.260000000000
1387083030,890.990000000000,0.442160000000
1387083030,891.000000000000,0.622580000000
1388348674,718.403000000000,0.062650000000
1387086436,837.000000000000,0.230000000000
1388351720,718.403000000000,0.020200000000
1388352852,718.403000000000,0.062150000000
1388352982,719.132000000000,0.160000000000
1388353024,719.938000000000,0.175000000000
1388353024,720.820000000000,0.190000000000
1388353174,721.778000000000,0.205000000000
1388353211,722.814000000000,0.220000000000
1388353325,723.927000000000,0.235000000000
1388353433,725.118000000000,0.250000000000
1388353433,726.387000000000,0.265000000000
1388353433,727.735000000000,0.280000000000
1388353433,729.161000000000,0.205000000000
1388354539,729.161000000000,0.090000000000
1388354587,730.667000000000,0.310000000000
1387098916,837.000000000000,0.517000000000
1387098916,837.000000000000,0.154800000000
1387098923,836.000000000000,0.150000000000
1387098937,831.000000000000,0.177200000000
1388356027,732.252000000000,0.058550000000
1388356065,732.252000000000,0.169630000000
1388356132,732.252000000000,0.008490000000
1387102727,871.980000000000,0.116460000000
1387110430,869.980000000000,0.096040000000
1387110966,869.990000000000,0.397190000000
1387111483,814.021000000000,0.000010000000
1387111527,814.031000000000,0.000010000000
1387113565,849.990000000000,0.400000000000
1387113632,849.990000000000,0.006500000000
1387117857,868.880000000000,0.416950000000
1387117857,868.890000000000,1.133380000000
1387117857,869.000000000000,0.177200000000
1387117857,876.241000000000,0.120000000000
1387117857,876.310000000000,0.080000000000
1387117857,876.831000000000,0.140000000000
1387117857,876.966000000000,0.140000000000
1387117857,878.274000000000,0.050000000000
1387117857,878.334000000000,0.050000000000
1387117857,881.028000000000,0.080000000000
1387117857,882.948000000000,0.070000000000
1387117857,890.980000000000,3.000000000000
1387117857,891.000000000000,0.377420000000
1387117857,893.460000000000,2.425790000000
1387117857,900.000000000000,0.000350000000
1387117857,910.000000000000,0.118180000000
1387117857,911.000000000000,0.200000000000
1387117857,914.500000000000,1.636020000000
1387117857,919.999000000000,0.274970000000
1387117857,925.000000000000,0.665900000000
1387124049,894.950000000000,0.000010000000
1387134553,835.000000000000,0.128800000000
1387134563,835.000000000000,0.006410000000
1387134573,831.000000000000,0.208940000000
1387134622,834.990000000000,0.417890000000
1387135647,850.000000000000,0.100000000000
1387135806,860.000000000000,0.128800000000
1387135807,860.010000000000,0.072150000000
1387135815,859.900000000000,0.047850000000
1387135955,859.910000000000,0.152140000000
1388407063,720.000000000000,0.700000000000
1388407072,720.000000000000,0.007390000000
1388407253,720.000000000000,0.292610000000
1387161244,841.030000000000,0.017900000000
1387162261,882.890000000000,0.000360000000
1388414578,720.000000000000,0.007390000000
1388414578,716.000000000000,0.132670000000
1388414715,732.000000000000,0.137030000000
1388437490,732.000000000000,0.027560000000
1388437490,732.252000000000,0.088330000000
1388418185,732.000000000000,0.015410000000
1387176447,848.021000000000,0.006390000000
1387190446,848.011000000000,0.014920000000
1387190458,848.011000000000,0.120000000000
1387190460,848.011000000000,0.090000000000
1387190560,848.011000000000,0.073470000000
1387190560,845.000000000000,0.101700000000
1387190560,841.020000000000,0.928000000000
1387190560,841.000000000000,0.396830000000
1387190595,841.000000000000,0.670620000000
1388446293,752.000000000000,0.000010000000
1387193027,841.000000000000,0.029380000000
1388447195,751.960000000000,0.398950000000
1388486886,735.441000000000,0.275620000000
1388487596,736.650000000000,0.220290000000
1387197334,826.010000000000,0.100000000000
1387198026,826.000000000000,0.100000000000
1387198107,826.000000000000,0.004180000000
1387198107,825.000000000000,1.177820000000
1387198120,825.000000000000,0.000700000000
1387198124,825.000000000000,0.014920000000
1387198125,825.000000000000,0.200000000000
1387198233,825.000000000000,0.014920000000
1387198285,825.000000000000,0.090000000000
1387198307,825.000000000000,0.200000000000
1387198365,825.000000000000,0.014920000000
1387198407,825.000000000000,0.100230000000
1387198909,820.000000000000,0.099770000000
1387199372,820.010000000000,0.014920000000
1387199418,820.010000000000,0.096100000000
1387199702,820.000000000000,0.010230000000
1387199702,818.000000000000,0.089770000000
1387200077,818.000000000000,0.014920000000
1387200202,818.000000000000,0.007780000000
1387200202,814.001000000000,0.000050000000
1387200202,813.000000000000,0.130000000000
1387200202,811.000000000000,0.009000000000
1388488988,740.000000000000,0.937500000000
1388488992,740.000000000000,0.937500000000
1388489060,745.814000000000,0.080000000000
1388489096,740.000000000000,0.029150000000
1388489101,740.000000000000,0.014900000000
1388489107,740.000000000000,0.081360000000
1388489113,740.000000000000,0.179050000000
1388489118,740.000000000000,0.300000000000
1388489124,740.000000000000,0.300000000000
1388489145,745.804000000000,0.510740000000
1388489218,745.814000000000,0.498040000000
1388489245,745.814000000000,0.080000000000
1388489361,745.620000000000,0.070000000000
1388489563,725.030000000000,0.075090000000
1387202872,775.010000000000,0.504860000000
1387202911,775.010000000000,0.249100000000
1387202911,775.010000000000,0.015000000000
1387202931,775.010000000000,0.163260000000
1388463066,725.000000000000,0.906210000000
1388463189,725.000000000000,0.033000000000
1388463197,725.000000000000,0.050490000000
1388463653,725.000000000000,0.869000000000
1388463881,725.000000000000,0.000600000000
1388463881,721.000000000000,0.130400000000
1387216867,761.010000000000,0.242330000000
1387217136,761.000000000000,0.350000000000
1387217204,761.000000000000,0.239320000000
1387217382,761.000000000000,0.024350000000
1387217432,761.000000000000,0.039070000000
1387217440,761.000000000000,0.401980000000
1387217457,761.000000000000,0.020100000000
1387217489,761.000000000000,0.019030000000
1387217511,761.000000000000,0.494550000000
1387217523,761.000000000000,0.980000000000
1387217545,761.000000000000,0.003530000000
1387217586,761.000000000000,0.012670000000
1387217594,761.000000000000,0.246000000000
1387217646,761.000000000000,0.020750000000
1387217647,761.000000000000,0.020750000000
1387217661,761.000000000000,0.127060000000
1387217670,761.000000000000,0.006350000000
1387217671,761.000000000000,0.006350000000
1387217688,761.000000000000,0.006430000000
1387217742,761.000000000000,0.004940000000
1387217759,761.000000000000,0.476770000000
1387217759,760.000000000000,0.523230000000
1387217767,760.000000000000,0.014920000000
1387217925,760.000000000000,0.014920000000
1387217965,760.000000000000,0.176930000000
1387217974,750.000000000000,0.144840000000
1387217992,750.000000000000,0.033960000000
1387218027,734.000000000000,0.500000000000
1387218088,660.010000000000,0.548780000000
1387218092,660.010000000000,0.258170000000
1387218092,660.010000000000,0.516340000000
1387218109,660.010000000000,0.077260000000
1387218519,750.000000000000,0.014920000000
1387218555,761.010000000000,0.136460000000
1387218693,761.010000000000,0.245290000000
1387218771,761.000000000000,0.019780000000
1387219192,700.010000000000,0.014920000000
1387221723,730.000000000000,0.014920000000
1387221956,680.010000000000,0.482460000000
1387221956,680.000000000000,2.000000000000
1387221956,660.010000000000,0.015000000000
1387221956,660.000000000000,0.443280000000
1387222667,680.010000000000,0.024130000000
1387222675,680.000000000000,0.001200000000
1387223251,680.000000000000,0.001000000000
1388471644,736.650000000000,0.079710000000
1387224408,675.000000000000,0.015000000000
1387224544,675.000000000000,0.015000000000
1387224770,675.000000000000,0.015000000000
1387224799,675.000000000000,0.015000000000
1387224802,675.000000000000,0.026000000000
1387224881,675.000000000000,0.015000000000
1387224937,675.000000000000,0.646000000000
1387225546,690.000000000000,0.001000000000
1387227744,700.000000000000,0.000540000000
1387229587,756.000000000000,0.015000000000
1387229671,756.000000000000,0.015000000000
1387229689,756.000000000000,0.464030000000
1387229816,756.000000000000,0.015000000000
1388481573,735.431000000000,0.245500000000
1388481597,735.431000000000,0.054500000000
1388481621,735.441000000000,0.024380000000
1387232640,740.000000000000,0.200000000000
1387233418,740.000000000000,0.052270000000
1387233438,760.980000000000,0.000040000000
1387233542,740.000000000000,0.267730000000
1387233542,725.010000000000,0.696000000000
1387233542,722.775000000000,1.000000000000
1387233542,720.000000000000,0.036270000000
1387233590,720.000000000000,0.083730000000
1387233871,680.000000000000,0.000500000000
1387236366,698.260000000000,0.015000000000
1387236445,698.260000000000,0.005000000000
1387236510,698.260000000000,0.035000000000
1387236512,698.260000000000,0.005000000000
1387236544,698.260000000000,0.010000000000
1387236672,682.000000000000,0.323000000000
1388498167,745.630000000000,0.002170000000
1388498173,745.630000000000,0.000010000000
1388498997,745.000000000000,0.050000000000
1388500244,745.610000000000,0.430970000000
1388500257,745.610000000000,0.002150000000
1388500271,745.610000000000,0.000010000000
1388501135,753.750000000000,0.000020000000
1387245423,676.000000000000,0.383090000000
1387245433,676.000000000000,0.116910000000
1387245578,660.000000000000,1.666000000000
1387248168,660.000000000000,0.400000000000
1387248191,660.000000000000,0.863620000000
1388506047,750.720000000000,0.100000000000
1388506047,753.780000000000,0.021630000000
1387256916,679.382000000000,0.493470000000
1388511148,753.730000000000,0.005490000000
1388511148,753.730000000000,0.005490000000
1388511148,753.780000000000,0.015420000000
1387259727,700.000000000000,0.000050000000
1387261002,700.000000000000,1.000000000000
1387261349,700.000000000000,0.303410000000
1387261453,700.000000000000,0.300080000000
1387261461,700.000000000000,0.057510000000
1387261461,700.000000000000,0.000550000000
1388518866,731.140000000000,0.493770000000
1388518877,731.140000000000,0.208710000000
1388518976,730.010000000000,0.297520000000
1388543906,749.500000000000,0.020000000000
1387264561,710.600000000000,0.026730000000
1387264561,710.590000000000,0.110000000000
1387264561,702.021000000000,0.140000000000
1387264561,701.000000000000,0.130000000000
1387264561,699.190000000000,0.120000000000
1387264561,691.411000000000,0.150000000000
1387264561,688.750000000000,0.150000000000
1387264561,685.796000000000,0.090000000000
1387264561,685.055000000000,0.080000000000
1387264561,681.893000000000,0.090000000000
1387264561,681.821000000000,0.140000000000
1387264561,681.173000000000,0.090000000000
1387264561,680.337000000000,0.100000000000
1387264561,677.990000000000,0.060000000000
1387264561,675.619000000000,0.130000000000
1387264561,674.087000000000,0.060000000000
1387264561,660.000000000000,0.483270000000
1388543912,749.500000000000,0.020000000000
1388543917,749.500000000000,0.020000000000
1388543923,749.500000000000,0.020000000000
1388543929,749.500000000000,0.020000000000
1388543934,749.500000000000,0.020000000000
1388543940,749.500000000000,0.020000000000
1388543944,749.500000000000,0.020000000000
1388543949,749.500000000000,0.020000000000
1388543963,749.500000000000,0.020000000000
1388543969,749.500000000000,0.020000000000
1388543980,749.500000000000,0.020000000000
1388544001,749.500000000000,0.200000000000
1388544007,749.500000000000,0.200000000000
1388544507,749.500000000000,0.298790000000
1388544553,749.500000000000,0.587940000000
1388545375,749.500000000000,0.362640000000
1388530502,749.170000000000,0.482130000000
1388530502,749.500000000000,0.682210000000
1387276524,723.418000000000,0.010600000000
1387278227,727.570000000000,0.204930000000
1387278227,739.000000000000,0.155470000000
1387285584,701.000000000000,0.160000000000
1387287237,636.310000000000,0.048000000000
1387293943,703.489000000000,0.031550000000
1387293996,703.489000000000,0.968450000000
1387304549,729.990000000000,0.000530000000
1388564013,730.020000000000,0.016860000000
1388564013,730.010000000000,0.061700000000
1387310856,710.010000000000,0.565120000000
1387310856,710.000000000000,1.269740000000
1387311980,710.000000000000,0.159120000000
1387312749,710.000000000000,0.317340000000
1387312970,710.000000000000,0.108950000000
1387313428,710.000000000000,2.644850000000
1388573682,730.000000000000,0.005970000000
1388573694,730.000000000000,0.000280000000
1387336670,658.010000000000,0.001000000000
1387341582,658.010000000000,0.001000000000
1387341582,658.000000000000,0.499000000000
1387342185,658.010000000000,0.500000000000
1387342185,658.000000000000,0.501000000000
1387345337,636.300000000000,0.030800000000
1387346320,615.000000000000,0.006510000000
1387346589,615.000000000000,0.068650000000
1387346727,615.000000000000,0.081220000000
1387346972,615.000000000000,0.222400000000
1387347291,615.000000000000,0.019380000000
1387347475,615.000000000000,0.157020000000
1387347728,615.000000000000,0.001020000000
1387347745,615.000000000000,0.183800000000
1387347989,600.000000000000,0.070000000000
1387348037,600.000000000000,0.118000000000
1387349954,664.980000000000,0.005670000000
1387349954,665.000000000000,0.004330000000
1387353276,550.000000000000,0.247380000000
1387357582,575.000000000000,0.690000000000
1387357616,537.887000000000,0.050000000000
1387359693,537.887000000000,0.155130000000
1387359807,537.887000000000,0.069760000000
1387360179,530.000000000000,0.004790000000
1387360192,530.000000000000,0.167680000000
1387361550,530.000000000000,0.216010000000
1387361750,530.000000000000,0.007390000000
1387361958,530.000000000000,0.004830000000
1387362024,530.000000000000,0.078240000000
1387362152,530.000000000000,0.943040000000
1387362160,530.000000000000,0.024830000000
1387362211,530.000000000000,0.283190000000
1387362569,437.969000000000,0.218600000000
1387363133,460.000000000000,0.300000000000
1387363175,460.010000000000,0.002660000000
1387363246,443.176000000000,0.022090000000
1387363490,443.176000000000,0.320000000000
1387363718,402.667000000000,0.006000000000
1387364981,402.687000000000,0.008510000000
1387365165,402.687000000000,0.014850000000
1387365219,409.500000000000,0.034880000000
1387365287,409.500000000000,0.015120000000
1387365305,409.510000000000,0.014850000000
1387366137,453.600000000000,0.070000000000
1387366271,453.610000000000,0.014180000000
1387366359,453.610000000000,0.014850000000
1387366817,456.740000000000,0.006850000000
1387366852,456.750000000000,0.017650000000
1387367453,481.000000000000,0.100000000000
1387367537,483.000000000000,0.070000000000
1387368418,494.571000000000,0.050000000000
1387368474,496.141000000000,0.140000000000
1387368474,497.711000000000,0.080000000000
1387368474,499.281000000000,0.070000000000
1387368474,500.851000000000,0.100000000000
1387368474,502.421000000000,0.014930000000
1387368490,502.421000000000,0.115070000000
1387368818,511.350000000000,0.015000000000
1387368916,511.350000000000,0.015000000000
1387369438,508.260000000000,0.216410000000
1387369438,501.600000000000,0.090000000000
1387369438,500.439000000000,0.098520000000
1387369571,500.449000000000,0.208370000000
1387371012,500.449000000000,0.015000000000
1387371184,500.449000000000,0.015000000000
1387371219,500.449000000000,0.189220000000
1387371219,500.000000000000,0.210780000000
1387372080,561.990000000000,0.167350000000
1387372080,562.000000000000,0.004000000000
1387372080,565.000000000000,0.183690000000
1387374506,560.988000000000,0.052000000000
1387374521,560.990000000000,0.013840000000
1387374573,561.000000000000,0.578500000000
1387374763,540.010000000000,0.175610000000
1387375834,578.886000000000,0.010000000000
1387375834,589.000000000000,0.337270000000
1387383093,582.750000000000,0.060000000000
1387383140,588.000000000000,0.101000000000
1387383635,587.990000000000,0.062100000000
1387383635,588.000000000000,0.282560000000
1387386681,588.000000000000,0.036400000000
1387388603,600.000000000000,0.100000000000
1387391120,590.000000000000,0.100000000000
1387398631,530.010000000000,0.048500000000
1387401046,535.210000000000,0.006050000000
1387401046,535.200000000000,0.660890000000
1387401046,533.073000000000,0.120000000000
1387401073,531.000000000000,0.015000000000
1387401245,603.000000000000,0.306040000000
1387401266,603.000000000000,0.015000000000
1387415043,535.020000000000,0.324390000000
1387415055,535.020000000000,0.115400000000
1387415392,589.255000000000,0.062100000000
1387415392,589.285000000000,0.519100000000
1387415392,590.000000000000,1.627560000000
1387416316,584.980000000000,0.000010000000
1387417247,530.000000000000,0.100000000000
1387417783,530.000000000000,0.009790000000
1387417790,530.000000000000,0.177180000000
1387418007,530.000000000000,0.018160000000
1387418016,530.000000000000,0.160790000000
1387435105,590.000000000000,0.130620000000
1387437282,587.000000000000,0.304150000000
1387437292,587.000000000000,0.135640000000
1387437347,588.000000000000,0.300210000000
1387437359,588.000000000000,0.165710000000
1387437393,590.000000000000,0.241820000000
1387437393,598.248000000000,0.100000000000
1387437393,600.000000000000,0.347270000000
1387437563,609.890000000000,0.059720000000
1387437563,609.900000000000,0.840280000000
1387437658,609.900000000000,0.004200000000
1387437685,609.900000000000,0.000090000000
1387442321,600.790000000000,0.710860000000
1387442321,600.810000000000,0.070000000000
1387442321,609.900000000000,1.609490000000
1387442321,610.000000000000,0.130620000000
1387442321,629.999000000000,0.864490000000
1387442321,630.000000000000,0.100000000000
1387442321,640.000000000000,1.764940000000
1387446145,634.989000000000,0.200820000000
1387446145,642.300000000000,0.029300000000
1387446145,670.000000000000,1.274120000000
1387446285,610.050000000000,0.370000000000
1387448980,684.980000000000,0.010900000000
1387448980,685.000000000000,0.033620000000
1387451443,697.860000000000,0.005700000000
1387452086,697.830000000000,0.204460000000
1387457203,665.000000000000,0.100000000000
1387457207,665.010000000000,0.073690000000
1387457207,652.360000000000,0.021790000000
1387459360,652.050000000000,0.007690000000
1387460264,652.000000000000,0.015000000000
1387460572,652.000000000000,0.388190000000
1387460609,652.000000000000,0.377580000000
1387460748,652.000000000000,0.084340000000
1387460829,640.000000000000,0.150000000000
1387460831,639.990000000000,0.007710000000
1387460869,680.000000000000,0.000120000000
1387466297,643.881000000000,0.010000000000
1387466353,680.000000000000,0.009460000000
1387483590,679.920000000000,0.113770000000
1387483711,679.920000000000,0.000150000000
1387484304,679.920000000000,0.015000000000
1387484410,679.920000000000,0.220160000000
1387484441,679.920000000000,0.015000000000
1387484563,679.920000000000,0.015000000000
1387484695,679.920000000000,0.015000000000
1387484825,679.920000000000,0.015000000000
1387487647,679.920000000000,0.000480000000
1387493813,679.920000000000,0.455550000000
1387494654,680.000000000000,0.090420000000
1387496151,663.045000000000,0.036000000000
1387496166,663.055000000000,0.000550000000
1387511100,693.970000000000,0.034920000000
1387513277,694.000000000000,0.500000000000
1387513277,695.000000000000,0.680000000000
1387513277,700.000000000000,0.010000000000
1387513277,700.000000000000,0.104880000000
1387519612,700.000000000000,0.145120000000
1387539113,671.270000000000,0.015000000000
1387541883,671.030000000000,0.704270000000
1387541883,671.000000000000,1.795730000000
1387544245,675.200000000000,0.020000000000
1387558279,700.000000000000,0.352150000000
1387564447,671.000000000000,0.018080000000
1387564455,671.000000000000,0.153860000000
1387564528,671.000000000000,0.007690000000
1387569367,671.000000000000,0.255640000000
1387569367,663.645000000000,0.522900000000
1387569961,660.000000000000,0.015340000000
1387569973,660.000000000000,0.036190000000
1387570083,660.000000000000,0.001330000000
1387570503,660.000000000000,1.100030000000
1387571476,660.000000000000,0.087400000000
1387571476,650.900000000000,0.903600000000
1387571476,650.000000000000,0.049000000000
1387572109,650.000000000000,0.001000000000
1387574986,695.000000000000,0.000050000000
1387591059,676.000000000000,0.123340000000
1387591082,677.000000000000,0.200000000000
1387591126,678.000000000000,0.250000000000
1387591162,679.000000000000,0.300000000000
1387591221,695.000000000000,0.054330000000
1387591292,700.000000000000,0.137500000000
1387610461,620.000000000000,0.002000000000
1387625673,620.275000000000,0.200000000000
1387626282,620.255000000000,0.100000000000
1387626544,620.245000000000,0.084000000000
1387626544,620.240000000000,0.100000000000
1387626544,620.220000000000,0.016000000000
1387626876,624.172000000000,0.050000000000
1387630001,620.220000000000,0.084000000000
1387630001,620.210000000000,0.016000000000
1387630532,620.210000000000,0.050000000000
1387631498,620.210000000000,0.001250000000
1387632150,620.210000000000,0.032750000000
1387632150,620.200000000000,0.067250000000
1387633964,620.200000000000,0.032750000000
1387633964,620.195000000000,0.100000000000
1387634025,620.180000000000,0.100000000000
1387634025,620.170000000000,0.080000000000
1387634029,620.150000000000,0.090000000000
1387634039,620.100000000000,0.100000000000
1387634048,620.000000000000,0.057000000000
1387634157,615.000000000000,0.077220000000
1387634173,615.000000000000,0.200030000000
1387634220,615.000000000000,0.174740000000
1387634275,615.000000000000,0.017810000000
1387634284,615.000000000000,0.330200000000
1387634284,601.001000000000,0.971950000000
1387636171,601.061000000000,0.316770000000
1387636177,601.061000000000,0.202370000000
1387636197,601.061000000000,0.350140000000
1387636254,601.061000000000,0.069990000000
1387636267,601.061000000000,0.060730000000
1387636916,601.101000000000,0.157560000000
1387637711,601.051000000000,0.128180000000
1387637878,601.011000000000,0.019130000000
1387650359,669.820000000000,0.004780000000
1387650359,669.900000000000,0.306250000000
1387656201,643.830000000000,0.000050000000
1387676458,621.760000000000,0.260000000000
1387677860,616.000000000000,0.353190000000
1387677860,616.000000000000,0.094590000000
1387677987,616.000000000000,0.057810000000
1387677989,616.000000000000,0.057810000000
1387678733,616.000000000000,0.037390000000
1387678734,616.000000000000,0.037390000000
1387679594,616.000000000000,0.017080000000
1387682099,616.000000000000,0.329400000000
1387682221,649.000000000000,0.024800000000
1387682420,649.000000000000,0.312650000000
1387687494,648.960000000000,0.004130000000
1387687494,649.000000000000,0.012080000000
1387700791,649.000000000000,0.344270000000
1387700801,649.000000000000,0.245910000000
1387700808,649.000000000000,0.060290000000
1387700853,649.900000000000,0.027290000000
1387700862,649.900000000000,0.177460000000
1387700896,649.900000000000,0.015000000000
1387700910,649.900000000000,0.008880000000
1387701036,649.900000000000,0.015000000000
1387701087,649.900000000000,0.060000000000
1387701160,649.900000000000,0.015000000000
1387701318,640.000000000000,0.015000000000
1387702435,649.900000000000,0.015000000000
1387702557,649.900000000000,0.015000000000
1387707885,635.000000000000,0.005000000000
1387707885,649.900000000000,0.995000000000
1387708818,649.900000000000,0.581120000000
1387708818,650.000000000000,0.218880000000
1387730932,624.000000000000,0.000680000000
1387783858,649.900000000000,0.438030000000
1387783858,649.990000000000,0.772960000000
1387795735,615.400000000000,0.147510000000
1387795735,615.300000000000,2.352490000000
1387805108,615.960000000000,0.166730000000
1387805108,615.950000000000,0.025990000000
1387805108,615.300000000000,0.014510000000
1387805108,615.000000000000,1.000000000000
1387805108,600.216000000000,0.140000000000
1387805108,594.282000000000,0.130000000000
1387805108,591.000000000000,0.002000000000
1387805108,588.366000000000,0.120000000000
1387805108,584.177000000000,0.080000000000
1387805108,583.900000000000,0.031300000000
1387805108,580.665000000000,0.070000000000
1387805108,580.000000000000,0.080000000000
1387805108,570.100000000000,0.519470000000
1387816398,624.203000000000,0.067270000000
1387816398,615.096000000000,0.032730000000
1387817310,644.201000000000,0.096430000000
1387829403,640.000000000000,0.058260000000
1387839648,648.000000000000,0.150000000000
1387839705,648.000000000000,0.057960000000
1387839768,648.000000000000,0.030060000000
1387839833,648.000000000000,0.028010000000
1387839834,648.000000000000,2.045920000000
1387839834,649.000000000000,0.135660000000
1387839834,649.100000000000,0.200000000000
1387839834,649.200000000000,0.300000000000
1387839834,649.300000000000,0.400000000000
1387839834,649.400000000000,0.500000000000
1387839834,649.900000000000,0.600000000000
1387839834,649.990000000000,0.227040000000
1387839944,650.100000000000,0.015100000000
1387840329,666.297000000000,0.027760000000
1387840389,666.297000000000,0.002760000000
1387843369,661.307000000000,0.140000000000
1387856400,650.100000000000,0.020770000000
1387856457,650.100000000000,0.009030000000
1387856457,657.000000000000,0.050000000000
1387883201,651.000000000000,0.000050000000
1387884704,651.000000000000,0.025430000000
1387886347,648.000000000000,0.400000000000
1387886363,648.000000000000,0.400000000000
1387886378,648.000000000000,0.200000000000
1387886477,646.805000000000,0.520760000000
1387886477,646.805000000000,0.097660000000
1387886636,646.805000000000,0.423170000000
1387893928,652.691000000000,0.374680000000
1387894326,654.934000000000,0.315400000000
1387899050,646.070000000000,0.001000000000
1387899357,660.000000000000,0.331110000000
1387899429,660.000000000000,0.316650000000
1387899481,660.000000000000,0.199720000000
1387899512,660.010000000000,0.099350000000
1387899530,660.010000000000,0.080650000000
1387899585,660.020000000000,0.190000000000
1387899978,663.165000000000,0.000970000000
1387900293,650.000000000000,0.170000000000
1387903901,654.793000000000,0.216600000000
1387910430,650.100000000000,0.024700000000
1387910430,654.000000000000,0.025300000000
1387919233,655.000000000000,0.025300000000
1387920893,668.513000000000,0.363320000000
1387920900,668.523000000000,0.400000000000
1387920948,668.523000000000,0.354650000000
1387921010,668.523000000000,0.347940000000
1387921074,668.523000000000,0.353130000000
1387921116,668.533000000000,0.024840000000
1387921137,668.523000000000,0.337520000000
1387921200,668.523000000000,0.347760000000
1387921221,668.523000000000,0.400000000000
1387921236,668.523000000000,0.095680000000
1387927699,650.630000000000,0.326910000000
1387927699,650.400000000000,1.673090000000
1387935836,650.400000000000,0.266910000000
1387935836,650.280000000000,0.050510000000
1387935836,650.100000000000,0.230720000000
1387951548,650.100000000000,0.100000000000
1387957480,656.391000000000,0.065240000000
1387957480,664.293000000000,0.400000000000
1387957480,668.533000000000,0.071640000000
1387984452,672.176000000000,0.367970000000
1387984452,673.000000000000,0.024840000000
1387984452,674.000000000000,0.663230000000
1387986742,672.261000000000,0.311030000000
1387986804,670.699000000000,0.400000000000
1387993136,670.639000000000,0.380400000000
1387993136,674.000000000000,0.511700000000
1388005248,669.994000000000,0.009000000000
1388005248,669.994000000000,0.057890000000
1388005248,670.000000000000,0.003110000000
1388005531,670.000000000000,0.006890000000
1388006115,674.000000000000,0.800000000000
1388006301,674.000000000000,0.025070000000
1388006301,674.990000000000,0.724930000000
1388006668,674.990000000000,0.018230000000
1388007243,674.990000000000,0.000200000000
1388015616,674.990000000000,0.120020000000
1388017260,674.990000000000,0.060000000000
1388017543,674.990000000000,0.100000000000
1388017812,674.990000000000,0.353670000000
1388017860,674.990000000000,0.060000000000
1388018146,674.990000000000,0.090000000000
1388018435,674.990000000000,0.100000000000
1388018741,674.990000000000,0.110000000000
1388019042,674.990000000000,0.140000000000
1388019337,674.990000000000,0.110000000000
1388019644,674.990000000000,0.100000000000
1388019917,674.990000000000,0.332620000000
1388019962,674.990000000000,0.110000000000
1388020171,674.990000000000,0.312070000000
1388020172,674.990000000000,0.312070000000
1388020293,674.990000000000,0.266840000000
1388020293,674.990000000000,0.266840000000
1388020300,674.990000000000,0.120270000000
1388020300,675.000000000000,0.029730000000
1388020574,675.000000000000,0.070000000000
1388020872,675.000000000000,0.060000000000
1388021135,675.000000000000,0.130000000000
1388021150,675.000000000000,0.221690000000
1388021150,675.000000000000,0.221690000000
1388021450,675.000000000000,0.060000000000
1388021741,675.000000000000,0.080000000000
1388022039,675.000000000000,0.110000000000
1388022377,675.000000000000,0.070000000000
1388022645,675.000000000000,0.150000000000
1388022961,675.000000000000,0.120000000000
1388023297,675.000000000000,0.060000000000
