1317124769,5.013590000000,1.200000000000
1317384631,5.206570000000,1.100000000000
1317404709,5.252450000000,0.264651190000
1317644320,5.091560000000,1.035871800000
1317764477,5.285200000000,5.141477940000
1317764477,5.305900000000,0.341000000000
1317765202,5.305910000000,0.014015400000
1317765256,5.305910000000,94.503506660000
1317886255,5.058500000000,0.628680000000
1318024290,4.455590000000,22.000000000000
1318281224,4.220800000000,0.010000000000
1318332943,4.123620000000,1.322000000000
1318421860,4.200000000000,0.011000000000
1318455799,4.214800000000,0.010000000000
1318470039,4.306480000000,0.010663000000
1318486327,4.113750000000,0.050000000000
1318568707,4.231120000000,0.052980200000
1318570670,4.210380000000,48.000000000000
1318711845,3.992150000000,0.020001600000
1318712469,3.992160000000,23.979998400000
1318893888,2.544200000000,0.057000000000
1318935017,2.770620000000,0.073795750000
1319035451,2.350000000000,0.061300000000
1319127282,2.326560000000,0.107500000000
1319127580,2.326560000000,0.142500000000
1319158976,2.475940000000,5.000000000000
1319158976,2.484450000000,28.230000000000
1319158976,2.486660000000,0.010261400000
1319158976,2.486660000000,0.020364400000
1319158977,2.490280000000,0.010000000000
1319158977,2.490280000000,0.010000000000
1319158977,2.490280000000,0.010000000000
1319158977,2.492630000000,0.036407670000
1319158977,2.494320000000,0.014672030000
1319158977,2.496540000000,0.122171190000
1319158977,2.497060000000,0.010265000000
1319158977,2.497060000000,0.020360100000
1319158977,2.497580000000,0.010000000000
1319158977,2.497850000000,0.142440000000
1319158977,2.498220000000,0.036250000000
1319158977,2.498950000000,0.149295270000
1319158977,2.498990000000,0.375600000000
1319158977,2.499040000000,1.263950000000
1319158978,2.499460000000,0.051096430000
1319158978,2.499710000000,0.072250000000
1319158978,2.499730000000,0.261660000000
1319158978,2.499730000000,0.507360000000
1319158978,2.499930000000,0.027296020000
1319158978,2.500120000000,0.195250000000
1319158978,2.500120000000,0.369490000000
1319158978,2.500460000000,0.022359710000
1319158978,2.501030000000,0.148891570000
1319158978,2.501370000000,0.148877900000
1319158978,2.501490000000,0.165640000000
1319158978,2.501530000000,3.204078250000
1319158978,2.501560000000,0.149196810000
1319158979,2.501570000000,0.149475900000
1319158979,2.501880000000,0.015289250000
1319158979,2.502570000000,0.147370000000
1319158979,2.502760000000,10.000000000000
1319158979,2.502890000000,7.700000000000
1319158979,2.502920000000,5.000000000000
1319158979,2.504030000000,0.525220000000
1319158979,2.504850000000,0.024942710000
1319158979,2.504880000000,0.013118540000
1319158980,2.504970000000,0.128100000000
1319158980,2.504970000000,0.077910000000
1319158980,2.505380000000,44.554000000000
1319158980,2.505380000000,134.745000000000
1319158980,2.506320000000,5.251070000000
1319158980,2.506340000000,0.111740000000
1319158980,2.506950000000,0.030000000000
1319158980,2.507460000000,0.010198400000
1319158980,2.507460000000,0.020220600000
1319158980,2.507460000000,0.100000000000
1319158980,2.507460000000,50.000000000000
1319158980,2.507460000000,50.000000000000
1319158980,2.507460000000,10.000000000000
1319158980,2.507950000000,0.020221400000
1319158980,2.508050000000,5.000000000000
1319158980,2.508410000000,0.018831620000
1319158981,2.509520000000,0.666960000000
1319158981,2.509590000000,0.027296020000
1319158986,2.510000000000,28.140000000000
1319158992,2.510000000000,25.420000000000
1319158993,2.510000000000,0.010000000000
1319158995,2.510000000000,1.315278240000
1319158995,2.510000000000,0.010000000000
1319158995,2.510000000000,0.563877680000
1319158997,2.510000000000,0.500000000000
1319158997,2.510000000000,0.010000000000
1319159001,2.510000000000,37.230000000000
1319159001,2.510000000000,0.500000000000
1319159006,2.510000000000,0.500000000000
1319159017,2.510000000000,0.500000000000
1319159019,2.510000000000,19.030000000000
1319159020,2.510000000000,0.500000000000
1319159024,2.510000000000,0.181800000000
1319159035,2.510000000000,0.500000000000
1319159047,2.510000000000,19.956595890000
1319159151,2.497060000000,100.000000000000
1319159191,2.497060000000,50.777000000000
1319159203,2.497070000000,1.000000000000
1319159220,2.497070000000,21.724130000000
1319159248,2.497070000000,26.000000000000
1319159262,2.497070000000,0.164900000000
1319159330,2.497070000000,0.333970000000
1319159399,2.497070000000,39.016030000000
1319159480,2.497070000000,60.983970000000
1319159755,2.511210000000,0.024942710000
1319159755,2.513940000000,0.020165700000
1319159755,2.516830000000,4.182992660000
1319159755,2.517190000000,0.015289250000
1319159755,2.517360000000,0.025000000000
1319159755,2.517560000000,3.900000000000
1319159755,2.517660000000,30.000000000000
1319159755,2.517760000000,1.000000000000
1319159755,2.517860000000,5.000000000000
1319159755,2.517870000000,0.010200600000
1319159756,2.517870000000,1.000000000000
1319159756,2.517870000000,500.000000000000
1319159756,2.517870000000,0.100000000000
1319159756,2.517870000000,200.000000000000
1319159756,2.517870000000,2.000000000000
1319159756,2.517870000000,6.000000000000
1319159756,2.517870000000,10.000000000000
1319159756,2.518910000000,1.043514390000
1319159756,2.521300000000,0.608832900000
1319159756,2.522430000000,0.027296020000
1319159756,2.524090000000,0.168244900000
1319159756,2.525030000000,0.010000000000
1319159756,2.525090000000,0.148728670000
1319159756,2.525470000000,0.018831620000
1319159756,2.526650000000,0.014700000000
1319159757,2.527760000000,0.020000000000
1319159757,2.528060000000,3.900000000000
1319159757,2.528230000000,1.230006900000
1319159757,2.528270000000,0.020225600000
1319159757,2.528270000000,0.010204300000
1319159757,2.528270000000,500.000000000000
1319159757,2.528270000000,0.100000000000
1319159757,2.528270000000,150.000000000000
1319159757,2.528270000000,10.000000000000
1319159757,2.528270000000,20.000000000000
1319159757,2.528270000000,10.000000000000
1319159757,2.528270000000,0.630000000000
1319159757,2.528310000000,0.020161800000
1319159757,2.528810000000,0.014672030000
1319159757,2.528810000000,0.508330000000
1319159758,2.529230000000,0.013118540000
1319159758,2.529460000000,0.143560000000
1319159758,2.529570000000,0.425650000000
1319159758,2.529590000000,0.022359710000
1319159758,2.530460000000,8.000000000000
1319159758,2.531170000000,3.347460000000
1319159758,2.531390000000,9.400000000000
1319159758,2.531710000000,72.160151460000
1319159758,2.532250000000,15.000000000000
1319159758,2.532430000000,0.612810900000
1319159758,2.532540000000,0.542030000000
1319159759,2.532690000000,0.036407670000
1319159759,2.533020000000,5.000000000000
1319159759,2.533310000000,0.064320000000
1319159759,2.534050000000,16.298860000000
1319159759,2.538170000000,0.015000000000
1319159759,2.538260000000,0.828460000000
1319159759,2.538680000000,0.020227200000
1319159759,2.538680000000,0.010208100000
1319159759,2.538680000000,1.000000000000
1319159759,2.538680000000,0.100000000000
1319159759,2.538680000000,70.000000000000
1319159759,2.538680000000,3.440000000000
1319159759,2.538680000000,100.000000000000
1319159759,2.538680000000,10.000000000000
1319159759,2.539040000000,6.521700000000
1319159759,2.539150000000,0.027520000000
1319159759,2.539520000000,10.000000000000
1319159759,2.540490000000,1.342120000000
1319159759,2.541210000000,0.790000000000
1319159759,2.541270000000,0.986350000000
1319159759,2.542130000000,1.044199600000
1319159760,2.542660000000,0.027296020000
1319159760,2.542670000000,0.020144400000
1319159760,2.542940000000,0.010000000000
1319159760,2.542940000000,0.010000000000
1319159760,2.543260000000,0.994500000000
1319159760,2.543360000000,0.611020800000
1319159760,2.543880000000,10.000000000000
1319159760,2.544040000000,0.731570000000
1319159760,2.544810000000,0.760001600000
1319159760,2.547000000000,10.000000000000
1319159760,2.547380000000,0.567100000000
1319159760,2.547940000000,3.900000000000
1319159760,2.548000000000,1.410006900000
1319159760,2.549020000000,1.760006900000
1319159760,2.549080000000,0.020231400000
1319159760,2.549080000000,0.010210800000
1319159761,2.549080000000,16.700000000000
1319159761,2.549080000000,28.000000000000
1319159761,2.549080000000,0.100000000000
1319159761,2.549080000000,12.000000000000
1319159761,2.549080000000,100.000000000000
1319159761,2.549080000000,5.130500000000
1319159761,2.549080000000,0.005470820000
1319159761,2.549080000000,10.000000000000
1319159761,2.549080000000,1.988000000000
1319159761,2.549540000000,0.707180000000
1319159761,2.549540000000,2.476610000000
1319159761,2.549710000000,0.605252700000
1319159761,2.550830000000,0.020102300000
1319159761,2.550980000000,0.014672030000
1319159761,2.551130000000,0.013118540000
1319159762,2.552700000000,1.043937780000
1319159762,2.554310000000,0.409820000000
1319159762,2.555430000000,0.613805400000
1319159762,2.555580000000,1.272686360000
1319159762,2.556250000000,0.190880000000
1319159762,2.557880000000,0.156720000000
1319159762,2.557880000000,0.121070000000
1319159762,2.558250000000,15.171467920000
1319159762,2.558890000000,0.310784000000
1319159762,2.559280000000,1.045882750000
1319159762,2.559430000000,0.733479910000
1319159762,2.559490000000,0.020233200000
1319159762,2.559490000000,0.010213200000
1319159762,2.559490000000,0.100000000000
1319159762,2.559490000000,20.000000000000
1319159762,2.561400000000,6.145710000000
1319159762,2.561410000000,1.053109660000
1319159762,2.562020000000,0.796320000000
1319159762,2.562400000000,0.183310000000
1319159762,2.562410000000,0.387789200000
1319159762,2.562600000000,1.043394440000
1319159762,2.563070000000,0.036010000000
1319159762,2.563300000000,0.196590000000
1319159762,2.563300000000,0.101380000000
1319159763,2.563420000000,2.028070000000
1319159763,2.563910000000,1.041041940000
1319159763,2.567120000000,46.642000000000
1319159763,2.567500000000,0.942200000000
1319159763,2.567500000000,0.057350000000
1319159763,2.567810000000,120.000000000000
1319159763,2.569090000000,18.151008620000
1319159763,2.569470000000,0.935440000000
1319159763,2.569890000000,0.020234200000
1319159763,2.569890000000,0.010216300000
1319159763,2.569890000000,0.100000000000
1319159763,2.569890000000,118.780000000000
1319159763,2.569890000000,74.000000000000
1319159763,2.571400000000,0.020097100000
1319159763,2.572490000000,1.153050000000
1319159763,2.572490000000,29.980870000000
1319159763,2.573120000000,0.608733450000
1319159763,2.573640000000,0.608733450000
1319159763,2.575850000000,100.000000000000
1319159763,2.576290000000,245.370000000000
1319159763,2.577380000000,0.606048300000
1319159763,2.578210000000,48.139849980000
1319159764,2.580290000000,0.020238400000
1319159764,2.580290000000,0.010220400000
1319159764,2.580290000000,1.000000000000
1319159764,2.580290000000,0.100000000000
1319159764,2.580290000000,11.352960430000
1319159764,2.580290000000,10.000000000000
1319159764,2.580290000000,100.000000000000
1319159764,2.580290000000,45.000000000000
1319159764,2.580290000000,12.000000000000
1319159764,2.581230000000,0.164350000000
1319159764,2.584460000000,50.000000000000
1319159764,2.585380000000,2.509430000000
1319159764,2.585670000000,25.000000000000
1319159764,2.585770000000,127.390483160000
1319159764,2.585770000000,0.020099900000
1319159764,2.586430000000,5.000000000000
1319159764,2.586430000000,0.602667000000
1319159764,2.586540000000,13.200000000000
1319159764,2.586930000000,1.807850000000
1319159764,2.588620000000,10.000000000000
1319159764,2.589030000000,0.607440600000
1319159764,2.589070000000,27.058890000000
1319159764,2.589350000000,50.000000000000
1319159765,2.589660000000,10.000000000000
1319159765,2.589660000000,2.200000000000
1319159765,2.589660000000,5.000000000000
1319159765,2.589660000000,160.000000000000
1319159765,2.589880000000,1.964820000000
1319159765,2.590490000000,1.344160000000
1319159765,2.590600000000,3.900000000000
1319159765,2.590700000000,0.020240900000
1319159765,2.590700000000,0.010223300000
1319159765,2.590700000000,0.100000000000
1319159765,2.590700000000,500.000000000000
1319159765,2.590700000000,0.030515800000
1319159765,2.590700000000,20.000000000000
1319159765,2.590700000000,7.090200000000
1319159765,2.590700000000,7.990000000000
1319159765,2.590700000000,19.420800000000
1319159765,2.590850000000,16.700000000000
1319159765,2.590850000000,1.000000000000
1319159765,2.590850000000,0.100000000000
1319159765,2.590850000000,1.000000000000
1319159765,2.590850000000,13.028000000000
1319159765,2.590850000000,25.000000000000
1319159765,2.591740000000,25.000000000000
1319159765,2.593840000000,20.000000000000
1319159766,2.594030000000,0.020896780000
1319159766,2.594030000000,0.581272980000
1319159766,2.594780000000,0.020044440000
1319159766,2.596660000000,200.000000000000
1319159766,2.597880000000,471.784005520000
1319159766,2.598290000000,0.529074000000
1319159766,2.600050000000,1.400000000000
1319159766,2.600060000000,40.050000000000
1319159766,2.600130000000,0.020093900000
1319159766,2.600380000000,5.000000000000
1319159766,2.600580000000,10.000000000000
1319159766,2.600790000000,8.940000000000
1319159766,2.600900000000,9.900000000000
1319159766,2.601000000000,50.113636890000
1319159849,2.565290000000,0.000020000000
1319159849,2.569250000000,0.422620000000
1319159850,2.576690000000,0.497870000000
1319159850,2.579630000000,0.151714680000
1319159859,2.580000000000,0.634236150000
1319159860,2.580000000000,0.107676800000
1319159862,2.580000000000,0.500000000000
1319159864,2.580000000000,3.110814540000
1319159962,2.580000000000,0.374273140000
1319160074,2.601100000000,4.496196000000
1319160074,2.601100000000,121.862000000000
1319160074,2.601100000000,110.000000000000
1319160074,2.601100000000,2.634234840000
1319160074,2.601220000000,5.900000000000
1319160074,2.605750000000,1.233050000000
1319160074,2.606300000000,0.033270000000
1319160074,2.607420000000,3.950400000000
1319160074,2.609730000000,5.757790000000
1319160074,2.611510000000,0.010208700000
1319160074,2.611510000000,0.020220400000
1319160075,2.611510000000,0.100000000000
1319160075,2.611510000000,1.000000000000
1319160075,2.611510000000,7.000000000000
1319160075,2.611510000000,2.000000000000
1319160075,2.612440000000,122.000000000000
1319160075,2.614140000000,0.984330000000
1319160075,2.614500000000,0.020018400000
1319160075,2.614500000000,3.000000000000
1319160075,2.615440000000,0.990060000000
1319160075,2.617810000000,0.234200000000
1319160075,2.618100000000,2.147420000000
1319160075,2.619420000000,0.604755450000
1319160075,2.620530000000,7.723780000000
1319160075,2.620530000000,1.445880000000
1319160075,2.621910000000,0.010211300000
1319160075,2.621910000000,0.020223800000
1319160075,2.621910000000,0.100000000000
1319160076,2.621940000000,5.000000000000
1319160076,2.621940000000,0.100000000000
1319160076,2.623850000000,0.733380000000
1319160076,2.624410000000,0.227620000000
1319160076,2.624620000000,0.623310000000
1319160076,2.625610000000,0.063180000000
1319160076,2.625740000000,0.454960000000
1319160076,2.626070000000,20.000000000000
1319160076,2.626590000000,0.604755450000
1319160076,2.627950000000,0.602567550000
1319160076,2.628860000000,0.020023200000
1319160076,2.629610000000,0.599484600000
1319160076,2.629710000000,1.254704830000
1319160076,2.631010000000,1.330620000000
1319160076,2.631840000000,0.201910000000
1319160076,2.632320000000,0.010213100000
1319160076,2.632320000000,0.020228200000
1319160076,2.637460000000,0.025990000000
1319160076,2.637460000000,0.074710000000
1319160076,2.637520000000,57.404284410000
1319160076,2.637520000000,10.000000000000
1319160077,2.640740000000,0.602865900000
1319160077,2.641000000000,55.460000000000
1319160077,2.641370000000,0.607540050000
1319160077,2.642670000000,0.100000000000
1319160077,2.642720000000,0.010186800000
1319160077,2.642720000000,0.020170800000
1319160077,2.642720000000,0.100000000000
1319160077,2.642720000000,1.000000000000
1319160077,2.642720000000,5.000000000000
1319160077,2.642730000000,0.076615920000
1319160077,2.643230000000,0.020028800000
1319160077,2.643230000000,5.000000000000
1319160077,2.643360000000,2.152860000000
1319160077,2.644200000000,0.115470000000
1319160077,2.645630000000,0.540809100000
1319160077,2.648550000000,0.602865900000
1319160077,2.649820000000,10.000000000000
1319160079,2.650000000000,23.850000000000
1319160085,2.650000000000,22.650000000000
1319160091,2.650000000000,0.500000000000
1319160091,2.650000000000,0.486870520000
1319160093,2.650000000000,1.000000000000
1319160094,2.650000000000,22.490000000000
1319160095,2.650000000000,2.000000000000
1319160095,2.650000000000,6.309197520000
1319160097,2.650000000000,0.500000000000
1319160101,2.650000000000,2.000000000000
1319160104,2.650000000000,0.102290000000
1319160114,2.650000000000,0.043980000000
1319160116,2.650000000000,8.598250420000
1319160123,2.650000000000,0.115520000000
1319160143,2.650000000000,961.701644440000
1319160160,2.650000000000,2.909064160000
1319160161,2.650000000000,40.800000000000
1319160166,2.650000000000,10.000000000000
1319160166,2.650000000000,5.000000000000
1319160166,2.650000000000,0.655210990000
1319160168,2.650000000000,2.248368450000
1319160200,2.600000000000,0.969315100000
1319160216,2.600000000000,61.000000000000
1319160218,2.600000000000,199.335842300000
1319358043,3.050000000000,2.000000000000
1319646648,2.769450000000,4.330692750000
1319646648,2.756130000000,0.020693500000
1319646771,2.756120000000,0.933603860000
1319648024,2.756120000000,28.327327930000
1319649122,2.756120000000,29.460000000000
1319649191,2.744410000000,10.000000000000
1319649241,2.744400000000,0.495056850000
1319649269,2.744400000000,5.000000000000
1319649445,2.744400000000,21.432625110000
1319739715,2.893640000000,0.421902190000
1319739715,2.893640000000,0.051010000000
1319739715,2.893140000000,0.240870000000
1319739715,2.892820000000,0.295720000000
1319739715,2.892210000000,0.028780000000
1319739715,2.892120000000,0.271110000000
1319739715,2.891640000000,13.769640000000
1319739715,2.890530000000,0.944640000000
1319739715,2.886000000000,0.044340000000
1319739715,2.880420000000,0.011260000000
1319739715,2.880290000000,0.097120000000
1319739715,2.879660000000,0.110510000000
1319739715,2.877740000000,0.021282330000
1319739716,2.877740000000,0.010796930000
1319739716,2.877140000000,20.608700510000
1319740108,2.877240000000,0.023300000000
1319740108,2.877140000000,26.216989690000
1319740108,2.875170000000,0.050000000000
1319740108,2.875170000000,0.326700000000
1319740163,2.875160000000,1.000000000000
1319740169,2.875160000000,35.455328350000
1319761381,3.091930000000,11.734349950000
1319762323,3.091930000000,0.283394060000
1319764695,3.091930000000,2.822960000000
1319764758,3.091930000000,22.057333520000
1319764772,3.091930000000,45.000000000000
1319764775,3.091930000000,13.367662470000
1319823807,3.206830000000,30.000000000000
1319836702,3.118770000000,85.000000000000
1320659418,3.008700000000,4.088219930000
1320706676,3.110050000000,3.931264770000
1320807841,3.085800000000,0.250000000000
1320807842,3.207090000000,0.239101490000
1320962489,2.956830000000,3.430000000000
1320962489,2.959260000000,2.635936000000
1320962489,2.959260000000,1.000000000000
1320962557,2.959270000000,15.934064000000
1321480424,2.563790000000,0.500000000000
1321480424,2.579410000000,0.500000000000
1321480424,2.579410000000,0.931643280000
1321480424,2.579510000000,0.500000000000
1321480424,2.579620000000,0.500000000000
1321480439,2.579630000000,0.500000000000
1321480453,2.579630000000,0.500000000000
1321480465,2.579630000000,0.500000000000
1321480478,2.579630000000,0.500000000000
1321480485,2.579630000000,0.500000000000
1321480498,2.579630000000,0.500000000000
1321480510,2.579630000000,21.000000000000
1321480514,2.579630000000,0.500000000000
1321480694,2.579630000000,1.000000000000
1321480706,2.579630000000,0.500000000000
1321496007,2.579630000000,228.295429950000
1321496020,2.579630000000,100.000000000000
1321496421,2.579630000000,38.088867410000
1321496478,2.579630000000,1.810293120000
1321496749,2.579630000000,288.524000000000
1321498341,2.579630000000,14.349766240000
1321651395,2.250000000000,82.000000000000
1321652735,2.259510000000,43.000000000000
1321727288,2.314380000000,0.017869010000
1321727288,2.321120000000,43.582130990000
1321931210,2.323790000000,2.000000000000
1321932203,2.408590000000,1.917000000000
1321981918,2.347870000000,2.000000000000
1321982100,2.345510000000,0.490000000000
1322061516,2.346490000000,0.667192450000
1322136735,2.367960000000,0.853292580000
1322136735,2.367950000000,0.096569040000
1322136736,2.367310000000,0.096595190000
1322136736,2.366670000000,0.096621370000
1322136736,2.366030000000,0.096647630000
1322136737,2.365390000000,0.096673960000
1322136737,2.364740000000,0.096700390000
1322136737,2.364090000000,0.096726940000
1322136737,2.363830000000,0.045750000000
1322136737,2.363430000000,0.096753620000
1322136737,2.363210000000,5.790330820000
1322136737,2.363210000000,42.808702950000
1322136738,2.363210000000,0.507270000000
1322136738,2.362960000000,0.039212590000
1322136738,2.362930000000,0.019179810000
1322136738,2.362860000000,0.092230000000
1322136739,2.362840000000,0.022974150000
1322136739,2.362790000000,0.018071610000
1322136739,2.362780000000,0.096780460000
1322136739,2.362770000000,0.125091540000
1322136739,2.362730000000,0.013044560000
1322136740,2.362250000000,0.039224200000
1322136740,2.362230000000,0.019185470000
1322136740,2.362170000000,0.022980590000
1322136740,2.362120000000,0.096807470000
1322136741,2.362110000000,0.125126480000
1322136741,2.362100000000,0.018076900000
1322136741,2.362070000000,0.067700000000
1322136741,2.362050000000,0.013048360000
1322136741,2.361790000000,1.000000000000
1322136741,2.361680000000,47.392631320000
1322137584,2.372480000000,1.190000000000
1322141176,2.397720000000,0.178727900000
1322141578,2.397710000000,0.050000000000
1322141597,2.397710000000,0.010000000000
1322146041,2.388960000000,0.291648210000
1322146041,2.384100000000,10.000000000000
1322146041,2.371150000000,4.112622990000
1322146041,2.367710000000,0.292954750000
1322146041,2.366060000000,10.000000000000
1322146041,2.363120000000,0.021482560000
1322146042,2.360600000000,0.012695370000
1322146042,2.359940000000,0.012698950000
1322146042,2.359510000000,3.000000000000
1322146042,2.359270000000,0.012702550000
1322146042,2.358930000000,100.000000000000
1322146043,2.358600000000,0.012706190000
1322146043,2.357920000000,0.012709860000
1322146043,2.357230000000,0.012713580000
1322146043,2.356530000000,0.012717340000
1322146044,2.355820000000,0.012721140000
1322146044,2.355110000000,0.012725000000
1322146044,2.354970000000,75.361086380000
1322146044,2.354390000000,0.012728920000
1322146044,2.354230000000,0.017020000000
1322146044,2.353860000000,0.006727520000
1322146044,2.353650000000,0.012732900000
1322146045,2.352900000000,0.012736950000
1322146045,2.352140000000,0.012741070000
1322146045,2.351360000000,0.012745270000
1322146045,2.350790000000,64.859855730000
1322146045,2.350790000000,0.690000000000
1322146046,2.350780000000,0.019278910000
1322146046,2.350760000000,0.039416000000
1322146046,2.350740000000,0.018164240000
1322146047,2.350740000000,0.013111110000
1322146047,2.350580000000,0.012749550000
1322146047,2.350550000000,0.023094280000
1322146048,2.350550000000,0.097284050000
1322146048,2.350530000000,0.125743050000
1322146048,2.349910000000,0.019286070000
1322146048,2.349890000000,0.039430700000
1322146049,2.349880000000,0.018170930000
1322146049,2.349880000000,0.013115920000
1322146049,2.349770000000,0.021486580000
1322146049,2.349770000000,0.012753940000
1322146050,2.349720000000,0.023102490000
1322146050,2.349720000000,0.097318480000
1322146050,2.349700000000,0.125787580000
1322146050,2.349010000000,0.019293410000
1322146051,2.348990000000,0.018177790000
1322146051,2.348990000000,0.013120850000
1322146051,2.348980000000,0.039445770000
1322146052,2.348940000000,0.012758420000
1322146052,2.348870000000,0.097353770000
1322146052,2.348860000000,0.023110910000
1322146052,2.348840000000,0.125833240000
1322146052,2.348500000000,1.000000000000
1322146053,2.348100000000,0.019300950000
1322146053,2.348100000000,0.012763020000
1322146053,2.348090000000,0.013125920000
1322146053,2.348080000000,0.018184840000
1322146054,2.348070000000,0.039461250000
1322146054,2.348000000000,0.097390030000
1322146054,2.347980000000,0.023119560000
1322146054,2.347970000000,0.125880150000
1322146054,2.347220000000,0.012767740000
1322146055,2.347160000000,0.013131130000
1322146055,2.347150000000,0.019308710000
1322146055,2.347140000000,0.018192090000
1322146055,2.347130000000,1.766940000000
1322146056,2.347120000000,0.039477180000
1322146056,2.347090000000,0.097427340000
1322146056,2.347070000000,0.023128460000
1322146057,2.347070000000,0.125928420000
1322146057,2.346770000000,3.000000000000
1322146057,2.346660000000,97.634611940000
1322146192,2.346830000000,0.062300000000
1322146192,2.346720000000,0.698972100000
1322147819,2.397730000000,2.808726200000
1322147819,2.397730000000,0.010891980000
1322148456,2.371140000000,71.000000000000
1322148573,2.371140000000,31.151017160000
1322148609,2.371140000000,0.030000000000
1322148735,2.371140000000,3.000000000000
1322148832,2.371140000000,3.000000000000
1322151565,2.371140000000,520.919609300000
1322152042,2.371140000000,0.899373540000
1322155309,2.397720000000,0.180381820000
1322517770,2.599170000000,20.000000000000
1322518891,2.594710000000,5.000000000000
1322583854,2.936800000000,0.639429270000
1322668215,2.876680000000,0.743911100000
1322748738,3.090540000000,0.764248670000
1322836258,3.150600000000,0.855702450000
1322908798,3.073020000000,1.000000000000
1322924026,3.000000000000,1.000000000000
1323097372,2.912610000000,3.135949810000
1323182151,2.998260000000,0.711858730000
1323272303,3.122720000000,1.000000000000
1323273474,3.122720000000,0.271327560000
1323274097,3.122720000000,28.000000000000
1323283388,2.999470000000,0.021569260000
1323284093,2.986430000000,0.021565770000
1323284587,2.986430000000,0.801910110000
1323320286,2.970910000000,100.000000000000
1323320319,2.970910000000,100.000000000000
1323320378,2.970910000000,24.654667560000
1323320449,2.930910000000,5.000000000000
1323320449,2.930910000000,20.000000000000
1323320522,2.922140000000,0.001252630000
1323320541,2.921970000000,2.000000000000
1323320541,2.921000000000,50.000000000000
1323320541,2.917040000000,48.000000000000
1323320573,2.916040000000,3.800000000000
1323320573,2.911130000000,46.544079810000
1323352140,3.058290000000,1.000000000000
1323352208,3.057150000000,0.048507200000
1323352208,3.058180000000,1.951492800000
1323352208,3.058180000000,0.228645790000
1323355393,2.968280000000,0.729975290000
1323711146,3.149690000000,30.000000000000
1323711146,3.137680000000,26.187465980000
1323711146,3.132350000000,0.964263200000
1323711146,3.127350000000,25.000000000000
1323711146,3.124610000000,0.021632590000
1323711146,3.123340000000,91.714851940000
1323711146,3.111540000000,0.021630840000
1323711146,3.105460000000,1.761600000000
1323711146,3.102510000000,40.000000000000
1323711146,3.099890000000,170.000000000000
1323711146,3.099890000000,60.180623790000
1323711146,3.099890000000,53.910000000000
1323711146,3.098460000000,0.021629860000
1323711146,3.090920000000,21.306754580000
1323711146,3.090770000000,5.000000000000
1323711147,3.089920000000,50.000000000000
1323711147,3.089920000000,1.000000000000
1323711147,3.089920000000,32.258100000000
1323711147,3.089920000000,15.000000000000
1323711147,3.089510000000,0.950000000000
1323711147,3.088980000000,0.916510000000
1323711147,3.087360000000,0.064390000000
1323711147,3.087050000000,0.042940000000
1323711147,3.086730000000,0.230706440000
1323711147,3.086730000000,0.023105650000
1323711147,3.086730000000,0.014427830000
1323711147,3.086710000000,0.011276310000
1323711147,3.086280000000,0.234210000000
1323711147,3.085390000000,0.021611980000
1323711147,3.084440000000,0.577462540000
1323711147,3.084300000000,0.010040000000
1323711147,3.083900000000,0.834150000000
1323711148,3.080510000000,1.296296300000
1323711161,3.080000000000,1.546603700000
1323711180,3.080000000000,0.500000000000
1323711184,3.080000000000,39.898860000000
1323711189,3.080000000000,0.500000000000
1323711191,3.080000000000,10.000000000000
1323711193,3.080000000000,47.255980000000
1323711194,3.080000000000,0.350170000000
1323711203,3.080000000000,40.861440000000
1323711203,3.080000000000,0.500000000000
1323711208,3.080000000000,0.011000000000
1323711222,3.080000000000,29.000266470000
1323721873,3.141600000000,1.780689710000
1323722744,3.160000000000,0.014102760000
1323723486,3.160000000000,2.000000000000
1323725319,3.160000000000,9.994190000000
1323725477,3.160000000000,1.218800000000
1323725485,3.160000000000,23.272907240000
1323785998,3.204080000000,0.620810740000
1323826682,3.233150000000,9.940000000000
1323826682,3.232180000000,10.609000000000
1323826682,3.231200000000,10.927270000000
1323826682,3.230230000000,11.255090000000
1323826682,3.229920000000,57.268640000000
1323860070,3.160000000000,36.278500000000
1323876301,3.194240000000,0.653586720000
1323892183,3.227070000000,342.475120000000
1323892183,3.168850000000,0.021682250000
1323892183,3.155920000000,0.021682960000
1323892183,3.154240000000,14.640500000000
1323892183,3.142980000000,0.021679960000
1323892183,3.141500000000,66.847000000000
1323892183,3.141140000000,6.013466380000
1323892183,3.130050000000,0.021675520000
1323892183,3.117120000000,0.021673510000
1323892183,3.115020000000,69.915519420000
1323912869,3.314850000000,1.000000000000
1323914651,3.314850000000,2.085948480000
1323915423,3.328650000000,85.392100000000
1323936495,3.247460000000,111.759750570000
1323936495,3.220870000000,18.811764190000
1323936495,3.201230000000,7.738916330000
1323936495,3.201170000000,19.900000000000
1323936495,3.201050000000,8.000000000000
1323936495,3.201050000000,8.000000000000
1323936495,3.200010000000,0.016020000000
1323936519,3.200000000000,25.773548910000
1323954906,3.192560000000,0.050000000000
1323954906,3.192560000000,10.050000000000
1323954906,3.192550000000,49.810000000000
1323954906,3.192540000000,1.811397780000
1323954906,3.192230000000,0.925925930000
1323954906,3.192230000000,0.925925930000
1323954907,3.192230000000,0.925925930000
1323954907,3.191830000000,0.010440000000
1323954907,3.190700000000,0.045710000000
1323954907,3.190210000000,50.000000000000
1323954907,3.188650000000,0.214940000000
1323954907,3.188190000000,12.451516970000
1323954907,3.187970000000,37.042919930000
1323954907,3.187280000000,0.530000000000
1323954907,3.187280000000,0.510000000000
1323954907,3.187180000000,1.008500000000
1323954907,3.187180000000,300.000000000000
1323954907,3.186940000000,0.010110000000
1323954907,3.185150000000,0.650000000000
1323954907,3.184710000000,0.098980000000
1323954907,3.183840000000,0.560000000000
1323954907,3.183630000000,0.061720000000
1323954907,3.182220000000,0.510000000000
1323954907,3.182120000000,5.000000000000
1323954907,3.181910000000,0.107230000000
1323954907,3.181110000000,45.966393120000
1323954907,3.180600000000,0.510000000000
1323954907,3.180520000000,0.562530000000
1323954908,3.179640000000,1.296296300000
1323954908,3.179600000000,7.000000000000
1323954908,3.179410000000,1.296296300000
1323954908,3.179380000000,3.333333330000
1323954908,3.179080000000,1.111111110000
1323954908,3.179080000000,1.111111110000
1323954908,3.179080000000,1.111111110000
1323954908,3.178070000000,0.510000000000
1323954908,3.178070000000,61.270000000000
1323954908,3.178050000000,10.050000000000
1323954908,3.178040000000,99.738090000000
1323954908,3.177930000000,1.512345680000
1323954909,3.177610000000,3.888888890000
1323954909,3.177460000000,1.512345680000
1323954909,3.177140000000,1.296296300000
1323954909,3.177070000000,10.050000000000
1323954909,3.177060000000,2.000000000000
1323954909,3.177060000000,16.394900000000
1323954909,3.177060000000,1.003300000000
1323954909,3.177060000000,54.164408600000
1323959659,3.188770000000,0.453805410000
1324001938,3.290150000000,152.527800000000
1324001938,3.223530000000,14.190000000000
1324001938,3.223510000000,5.434000000000
1324001938,3.223410000000,27.848200000000
1324002280,3.222570000000,14.340000000000
1324002280,3.222550000000,39.183100000000
1324002280,3.222510000000,1.000000000000
1324002280,3.222500000000,4.940000000000
1324002280,3.222400000000,41.413500000000
1324047270,3.271670000000,0.749899570000
1324055016,3.267340000000,1.000000000000
1324067025,3.360000000000,0.000720230000
1324068059,3.241490000000,77.339300000000
1324068059,3.238420000000,4.038657810000
1324068059,3.234940000000,0.020993040000
1324068059,3.232500000000,18.600328920000
1324074006,3.232510000000,1.292996890000
1324150154,3.226610000000,200.000000000000
1324150155,3.226610000000,10.000000000000
1324150155,3.225430000000,31.231815620000
1324150155,3.223030000000,35.325633330000
1324150155,3.211480000000,29.055200000000
1324150155,3.210300000000,1.000000000000
1324150155,3.197280000000,16.336406010000
1324150155,3.197280000000,1.000000000000
1324150155,3.196100000000,0.670000000000
1324150155,3.195990000000,10.000000000000
1324150155,3.195990000000,11.270000000000
1324150155,3.195890000000,27.640000000000
1324150155,3.195890000000,12.260000000000
1324150155,3.195590000000,1.310000000000
1324150155,3.195190000000,96.555343250000
1324150155,3.195190000000,25.675851730000
1324150155,3.195190000000,7.420000000000
1324150155,3.194890000000,0.530000000000
1324150155,3.194800000000,8.208050000000
1324150155,3.194680000000,2.000000000000
1324150155,3.193840000000,8.290130000000
1324150156,3.193150000000,6.000000000000
1324150156,3.193150000000,0.033580000000
1324150156,3.192880000000,8.373030000000
1324150156,3.192160000000,15.787800000000
1324150156,3.191920000000,4.323730000000
1324150156,3.190340000000,0.048170000000
1324150156,3.190040000000,3.333333330000
1324150156,3.189740000000,0.016370000000
1324150156,3.188130000000,1.286008230000
1324150156,3.188130000000,9.065000000000
1324150156,3.187880000000,1.260288070000
1324150156,3.187600000000,1.800411520000
1324150156,3.187300000000,10.000000000000
1324150156,3.187230000000,0.520000000000
1324150157,3.187120000000,3.280200870000
1324150157,3.187120000000,0.925925930000
1324150157,3.187120000000,1.543209880000
1324150157,3.186870000000,1.800411520000
1324150157,3.186760000000,1.500342930000
1324150157,3.186350000000,8.000471330000
1324150157,3.186340000000,3.888888890000
1324150157,3.186250000000,2.100480110000
1324150157,3.186120000000,5.000000000000
1324150157,3.186120000000,1.111111110000
1324150158,3.186120000000,17.000000000000
1324150158,3.186120000000,78.500000000000
1324150158,3.186120000000,61.270000000000
1324150158,3.186080000000,0.010160000000
1324150158,3.186040000000,5.401234570000
1324150158,3.185810000000,1.296296300000
1324150158,3.185620000000,0.018140000000
1324150158,3.185210000000,0.047399130000
1324150158,3.185210000000,9.679576340000
1324173777,3.306100000000,1.000000000000
1324173939,3.370000000000,94.000000000000
1324173968,3.370000000000,0.308919880000
1324287471,3.370000000000,5.691080120000
1324308762,3.522910000000,0.021594640000
1324308762,3.519940000000,1.950000000000
1324308884,3.510010000000,0.021616670000
1324308941,3.507650000000,1.199917400000
1324308955,3.508580000000,1.199917400000
1324351555,3.789290000000,0.249577570000
1324351555,3.771830000000,0.092712820000
1324351555,3.769280000000,10.000000000000
1324351555,3.769280000000,2.657709610000
1324414538,4.186340000000,0.011869140000
1324414538,4.194250000000,50.000000000000
1324414561,4.194250000000,17.988130860000
1324442805,4.179190000000,8.733700000000
1324477965,4.019450000000,0.422318660000
1324499141,3.977810000000,0.013731040000
1324499896,3.977810000000,0.021233530000
1324500507,3.977810000000,14.965035430000
1324532524,4.107130000000,14.435000000000
1324532748,4.107130000000,0.005531840000
1324652808,3.957810000000,4.930000000000
1324652808,3.952010000000,20.000000000000
1324652808,3.945490000000,40.000000000000
1324652808,3.931400000000,10.000000000000
1324652808,3.926310000000,40.000000000000
1324652808,3.926060000000,20.000000000000
1324652808,3.924090000000,0.021278130000
1324652808,3.912880000000,20.000000000000
1324652808,3.912880000000,114.290000000000
1324652808,3.911310000000,0.021285620000
1324652808,3.900270000000,50.000000000000
1324652808,3.899840000000,19.028595320000
1324652808,3.898530000000,0.021317870000
1324652808,3.889520000000,12.000000000000
1324652809,3.889320000000,5.660000000000
1324652809,3.889040000000,0.100000000000
1324652809,3.889020000000,0.011550000000
1324652809,3.888790000000,48.134822620000
1324652809,3.888550000000,0.304700000000
1324652809,3.887180000000,80.000000000000
1324652809,3.885750000000,0.021309070000
1324652809,3.883790000000,2.000000000000
1324652809,3.882330000000,0.011140000000
1324652809,3.878790000000,4.301791230000
1324652809,3.878790000000,0.410000000000
1324652809,3.878790000000,2.000000000000
1324652809,3.875690000000,13.000000000000
1324652809,3.873490000000,0.320830000000
1324652809,3.872970000000,0.021319750000
1324652809,3.869390000000,0.475708700000
1324652809,3.863790000000,2.000000000000
1324652809,3.863130000000,0.097090000000
1324652809,3.862610000000,0.012030000000
1324652809,3.861660000000,0.803110500000
1324652809,3.861300000000,13.409081590000
1324652810,3.861290000000,50.200803210000
1324652810,3.861290000000,10.000000000000
1324652810,3.861110000000,0.062730000000
1324652810,3.860180000000,0.021338520000
1324652810,3.859990000000,0.365746050000
1324652810,3.859990000000,0.014799760000
1324652810,3.859990000000,0.021759500000
1324652810,3.859820000000,0.490000000000
1324652810,3.859800000000,3.990280000000
1324652810,3.859370000000,0.035660000000
1324652810,3.858790000000,2.000000000000
1324652810,3.858260000000,0.018780000000
1324652810,3.857640000000,0.799187530000
1324652810,3.857030000000,0.010450000000
1324652810,3.856820000000,0.051310000000
1324652810,3.855960000000,0.051690000000
1324652810,3.855490000000,0.023140000000
1324652810,3.855450000000,0.375720000000
1324652810,3.850830000000,2.490000000000
1324652811,3.850200000000,0.365015970000
1324652811,3.850200000000,0.021899030000
1324652811,3.850200000000,0.014639370000
1324652811,3.850080000000,0.119920000000
1324652811,3.849830000000,1.490000000000
1324652811,3.849740000000,0.337490000000
1324652811,3.849500000000,49.606565040000
1324652811,3.849400000000,0.045583280000
1324652811,3.848900000000,0.044410190000
1324652811,3.848800000000,64.935064930000
1324652811,3.848800000000,16.000000000000
1324652811,3.848800000000,50.000000000000
1324652811,3.848800000000,5.200000000000
1324652811,3.848800000000,0.740000000000
1324652811,3.848800000000,38.961000000000
1324652811,3.848800000000,45.292600000000
1324652811,3.848800000000,10.000000000000
1324652811,3.847660000000,169.491500000000
1324652811,3.847530000000,20.000000000000
1324652811,3.847400000000,0.021374880000
1324652811,3.846880000000,0.806540000000
1324652812,3.843230000000,0.050590000000
1324652812,3.842290000000,1.161710000000
1324652812,3.840420000000,0.170467140000
1324652812,3.840400000000,0.021803980000
1324652812,3.840400000000,0.365826950000
1324652812,3.840400000000,0.014842090000
1324652812,3.839800000000,0.797730000000
1324652812,3.838800000000,10.000000000000
1324652812,3.838800000000,538.193611970000
1324652812,3.837870000000,1.041190000000
1324652812,3.837010000000,0.020840000000
1324652812,3.835010000000,160.000000000000
1324652812,3.834620000000,0.021383780000
1324652812,3.834360000000,0.040620000000
1324652812,3.833600000000,0.038640000000
1324652812,3.833210000000,0.038940000000
1324652812,3.832650000000,4.521750000000
1324652812,3.830600000000,0.021832420000
1324652812,3.830600000000,0.365912180000
1324652812,3.830600000000,0.014857300000
1324652813,3.830140000000,0.012730000000
1324652813,3.829830000000,1.090000000000
1324652813,3.829800000000,0.797730000000
1324652813,3.829800000000,9.900000000000
1324652813,3.828890000000,10.000000000000
1324652813,3.828800000000,1.000000000000
1324652813,3.828800000000,10.000000000000
1324652813,3.826880000000,150.000000000000
1324652813,3.825040000000,0.068650000000
1324652813,3.824560000000,0.034680000000
1324652813,3.824560000000,0.069370000000
1324652813,3.823810000000,50.000000000000
1324652813,3.823810000000,126.084240520000
1324652813,3.823440000000,0.156810000000
1324652813,3.823010000000,4.700000000000
1324652813,3.823010000000,76.923100000000
1324652813,3.821840000000,0.021395520000
1324652813,3.821840000000,29.636372940000
1324652813,3.820810000000,0.021810300000
1324652813,3.820810000000,0.365253510000
1324652813,3.820810000000,0.014662640000
1324652813,3.820010000000,123.000000000000
1324652813,3.819810000000,30.099332630000
1324652814,3.819810000000,0.126000000000
1324652814,3.819740000000,0.416470000000
1324652814,3.818810000000,1.055931930000
1324652814,3.818810000000,76.413600000000
1324652814,3.818810000000,13.165354540000
1324814242,4.100000000000,31.930000000000
1324814620,4.194250000000,1.284000000000
1324849850,4.271860000000,0.062700000000
1324849850,4.258880000000,2.134100000000
1324849850,4.250050000000,0.020747810000
1324849850,4.237330000000,0.020765490000
1324849850,4.224600000000,0.020784580000
1324849851,4.211880000000,0.020811760000
1324849851,4.199150000000,0.020832500000
1324849851,4.197210000000,25.994058670000
1324849851,4.186430000000,0.020862740000
1324849851,4.182190000000,4.136500000000
1324849851,4.176640000000,138.652262000000
1324849851,4.176640000000,4.980000000000
1324849851,4.176640000000,0.500000000000
1324849851,4.176640000000,73.465000000000
1324849852,4.176640000000,4.730000000000
1324849852,4.176640000000,48.410000000000
1324849852,4.176640000000,15.170000000000
1324849852,4.176250000000,1.000000000000
1324849852,4.175350000000,30.000000000000
1324849852,4.173700000000,0.020895710000
1324849852,4.172250000000,0.054070000000
1324849852,4.172010000000,2.136430000000
1324849852,4.171680000000,0.645200000000
1324849852,4.171080000000,0.014131960000
1324849852,4.171080000000,0.021074200000
1324849853,4.171080000000,0.217482310000
1324849853,4.170370000000,0.090010000000
1324849853,4.169680000000,0.978840000000
1324849853,4.166800000000,0.047140000000
1324849853,4.166700000000,196.415300270000
1324863241,4.297830000000,150.000000000000
1324867545,4.057810000000,0.133200000000
1324867545,4.057310000000,35.260000000000
1324867545,4.034440000000,17.500000000000
1324867545,4.033730000000,0.021226140000
1324867545,4.031880000000,0.094870000000
1324867545,4.029860000000,0.043381530000
1324867545,4.029860000000,0.500000000000
1324867546,4.029860000000,15.321884610000
1324867546,4.029860000000,4.476230780000
1324867546,4.029850000000,13.410000000000
1324867546,4.028850000000,1.000000000000
1324867546,4.028720000000,0.010094710000
1324867546,4.025260000000,0.262130000000
1324867546,4.021010000000,0.021244580000
1324867546,4.019270000000,0.113870000000
1324867546,4.019170000000,0.162280000000
1324867546,4.019170000000,0.051970000000
1324867546,4.017740000000,1.881160000000
1324867546,4.017230000000,0.046290000000
1324867546,4.013900000000,0.019300000000
1324867546,4.009200000000,1.000000000000
1324867546,4.008280000000,0.021264430000
1324867546,4.004700000000,0.011360000000
1324867546,4.003930000000,0.487750000000
1324867546,4.002620000000,0.736951550000
1324867546,4.002060000000,0.029490000000
1324867546,4.000180000000,0.813320000000
1324867547,4.000000000000,41.200731670000
1324902194,3.970110000000,0.021303910000
1324902195,3.957380000000,0.021311620000
1324902261,3.944660000000,0.021312670000
1324902261,3.931930000000,0.021326250000
1324902261,3.919210000000,0.021333750000
1324902261,3.909140000000,9.240200000000
1324902261,3.906480000000,0.021344680000
1324902322,3.898200000000,8.691867120000
1324970837,4.046460000000,0.021224820000
1324970837,4.033730000000,0.021236390000
1324970837,4.021010000000,0.021255650000
1324970837,4.008280000000,0.021277340000
1324970837,3.995560000000,0.021299570000
1324970837,3.982830000000,0.021312990000
1324970837,3.978050000000,0.017500000000
1324970837,3.977760000000,58.250000000000
1324970838,3.975130000000,0.215300000000
1324970838,3.973220000000,2.888362740000
1324970838,3.970110000000,0.021333830000
1324970838,3.969240000000,0.014860000000
1324970838,3.968910000000,20.259405180000
1324970838,3.968910000000,1.007965220000
1324970838,3.968810000000,54.377666270000
1325010870,4.031100000000,27.400000000000
1325010966,4.031100000000,19.241084510000
1325010966,4.025160000000,25.978867500000
1325010966,3.957380000000,0.021352900000
1325010991,3.950000000000,12.040708020000
1325010991,3.950000000000,2.613300000000
1325011074,3.950000000000,0.017557500000
1325011265,3.950100000000,0.035900000000
1325011265,3.950000000000,0.250000000000
1325011265,3.950000000000,0.250000000000
1325011265,3.949910000000,1.000000000000
1325011266,3.949020000000,11.270000000000
1325011266,3.949020000000,7.281229570000
1325033043,4.130000000000,120.000000000000
1325039189,4.057550000000,39.204300000000
1325039189,4.055680000000,6.685700000000
1325040481,4.067490000000,0.734712230000
1325040481,4.058570000000,7.900000000000
1325040481,4.058540000000,48.410000000000
1325040481,4.057550000000,42.955287770000
1325049674,4.051290000000,19.230000000000
1325049675,4.051270000000,19.899999990000
1325049675,4.050740000000,6.900000000000
1325049675,4.048690000000,1.620000010000
1325067688,4.094080000000,21.175430000000
1325067688,4.088770000000,24.194570000000
1325073982,4.200000000000,2.888432100000
1325075311,4.200000000000,9.811567900000
1325075336,4.212900000000,25.700000000000
1325130447,4.231890000000,0.127107440000
1325131124,4.218190000000,0.022675270000
1325131124,4.213440000000,3.370174090000
1325131124,4.212320000000,56.737150640000
1325135856,4.391060000000,0.483050000000
1325135856,4.400420000000,0.500000000000
1325135856,4.400420000000,5.660646660000
1325135856,4.400420000000,0.500000000000
1325135856,4.400420000000,0.500000000000
1325135856,4.403400000000,0.467500000000
1325135856,4.403400000000,0.500000000000
1325135856,4.403400000000,0.500000000000
1325135856,4.414780000000,0.500000000000
1325135856,4.414780000000,0.500000000000
1325135856,4.415650000000,0.193510000000
1325135856,4.421220000000,1.033923630000
1325135856,4.422220000000,0.023510000000
1325135856,4.427810000000,0.088640000000
1325135856,4.428660000000,12.923819710000
1325139133,4.280230000000,1.000000000000
1325139133,4.212320000000,52.610000000000
1325180425,4.211900000000,54.951340000000
1325180425,4.189940000000,0.159240740000
1325180425,4.173840000000,0.020975430000
1325180425,4.161160000000,0.021071430000
1325180425,4.158260000000,13.068699310000
1325180425,4.155590000000,68.708673090000
1325192923,4.158900000000,0.470000000000
1325210069,4.202210000000,95.350000000000
1325249720,4.233350000000,17.331942100000
1325249720,4.231700000000,16.381589180000
1325249720,4.211730000000,0.020865790000
1325249852,4.199120000000,0.020889120000
1325249852,4.186510000000,0.020906730000
1325249852,4.184450000000,7.340098400000
1325249852,4.181880000000,61.538500000000
1325249852,4.173900000000,0.020992140000
1325249852,4.167340000000,57.694216540000
1325255222,4.183950000000,0.970000000000
1325266832,4.284820000000,1.000000000000
1325333691,4.400000000000,4.980000000000
1325450605,5.455810000000,106.000000000000
1325457343,5.444580000000,0.649505160000
1325458323,5.339740000000,0.350494840000
1325466206,5.350260000000,1.000000000000
1325477096,5.650240000000,1.000000000000
1325477106,5.650350000000,1.000000000000
1325477120,5.650350000000,0.408256600000
1325477127,5.650350000000,0.591743400000
1325477127,5.650110000000,1.000000000000
1325477130,5.650110000000,1.000000000000
1325477140,5.615770000000,1.000000000000
1325477148,5.650110000000,1.000000000000
1325477159,5.649330000000,0.312075910000
1325477159,5.649640000000,0.320122930000
1325477159,5.650110000000,0.367801160000
1325477207,5.650110000000,1.000000000000
1325486428,5.609430000000,0.388827030000
1325486428,5.631760000000,0.611172970000
1325486445,5.631760000000,1.000000000000
1325486615,5.610800000000,0.031520000000
1325486622,5.616870000000,0.237520000000
1325486635,5.618690000000,0.029090000000
1325486644,5.619780000000,0.100000000000
1325486661,5.620080000000,1.000000000000
1325486688,5.620080000000,0.510365440000
1325486689,5.620080000000,0.489634560000
1325486701,5.619880000000,1.000000000000
1325486714,5.619880000000,0.057674900000
1325486715,5.620520000000,0.942325100000
1325487152,5.620740000000,1.353462510000
1325487229,5.620220000000,1.005413850000
1325487266,5.620140000000,1.004021660000
1325487324,5.620120000000,1.004016090000
1325487361,5.620120000000,0.566592090000
1325487361,5.620140000000,0.490918040000
1325487361,5.620220000000,0.528664320000
1325487361,5.620700000000,0.417841610000
1325487464,5.427820000000,1.991983930000
1325490070,5.611190000000,1.300000000000
1325490126,5.437020000000,1.994800000000
1325574514,5.487320000000,5.000000000000
1325574539,5.487320000000,1.000000000000
1325574630,5.291200000000,1.976000000000
1325688167,5.061910000000,0.550000000000
1325688343,5.061910000000,0.120000000000
1325725049,5.700000000000,11.309000000000
1325732489,5.999900000000,100.000000000000
1325735525,6.272970000000,2.000000000000
1325741782,6.177820000000,0.548056400000
1325741782,6.195050000000,0.132589440000
1325741782,6.247370000000,70.180620760000
1325741782,6.247370000000,18.373382600000
1325741782,6.247840000000,0.705400000000
1325741785,6.249130000000,0.067320000000
1325741788,6.249130000000,7.646000000000
1325741793,6.249130000000,0.047830000000
1325741793,6.249130000000,24.926000000000
1325741799,6.249130000000,0.145290000000
1325741815,6.249130000000,0.894940000000
1325741818,6.249130000000,4.565000000000
1325741818,6.249130000000,12.155000000000
1325741820,6.249130000000,0.096820000000
1325741821,6.249130000000,0.500000000000
1325741824,6.249130000000,5.000000000000
1325741834,6.249130000000,2.350831080000
1325741836,6.249130000000,0.234570000000
1325741837,6.249130000000,0.887160000000
1325741837,6.249130000000,0.500000000000
1325741838,6.249130000000,15.000000000000
1325741841,6.249130000000,0.015160000000
1325741842,6.249130000000,0.011420000000
1325741842,6.249130000000,0.039680000000
1325741847,6.249130000000,0.023190000000
1325741848,6.249130000000,1.000000000000
1325741849,6.249130000000,0.362060000000
1325741850,6.249130000000,0.500000000000
1325741853,6.249130000000,213.533819230000
1325741880,6.249130000000,0.564470360000
1325741892,6.249130000000,0.470000000000
1325741898,6.249130000000,0.523160280000
1325741906,6.249130000000,5.585225510000
1325742011,6.249130000000,0.095684460000
1325742116,6.249130000000,140.399025410000
1325742137,6.249130000000,5.000000000000
1325742150,6.249130000000,103.556294470000
1325745811,6.134230000000,2.520748190000
1325746595,6.134230000000,2.510000000000
1325746625,6.134230000000,2.020000000000
1325749174,6.270000000000,1.150000000000
1325753358,6.374500000000,15.000000000000
1325753358,6.374580000000,5.000000000000
1325753415,6.372340000000,1.182528670000
1325753415,6.374470000000,0.283371330000
1325773423,6.262110000000,0.700000000000
1325773485,6.262110000000,0.380000000000
1325786808,6.470170000000,1.342000000000
1325791030,6.455620000000,0.661400000000
1325814999,7.334640000000,0.057938610000
1325814999,7.394900000000,0.487843030000
1325814999,7.397510000000,0.157260000000
1325814999,7.427510000000,46.690000000000
1325814999,7.427530000000,2.948054630000
1325814999,7.436560000000,14.000000000000
1325814999,7.441340000000,0.045180000000
1325814999,7.444290000000,1.413600000000
1325814999,7.444660000000,6.897980000000
1325815000,7.445930000000,0.017693200000
1325815000,7.446970000000,0.350549660000
1325815000,7.446970000000,5.000000000000
1325815000,7.447470000000,0.093970000000
1325815000,7.447720000000,2.800000000000
1325815000,7.448620000000,0.127320000000
1325815000,7.454860000000,0.014310000000
1325815000,7.456320000000,0.510000000000
1325815000,7.457200000000,3.269618120000
1325815000,7.457390000000,0.250006600000
1325815000,7.457390000000,0.200000000000
1325815000,7.457390000000,14.668676150000
1325815042,7.414220000000,1.662726230000
1325815042,7.416090000000,7.337273770000
1325815071,7.350170000000,8.644012130000
1325815071,7.418190000000,2.024205470000
1325815071,7.446970000000,8.900000000000
1325815071,7.457390000000,80.431782400000
1325815104,7.350320000000,5.793528460000
1325815105,7.439380000000,2.844398850000
1325815105,7.457390000000,5.606097450000
1325815105,7.457390000000,78.755975240000
1325815152,7.118510000000,1.792000010000
1325819537,7.414050000000,0.027100000000
1325834009,6.889990000000,135.200000000000
1325859985,6.844270000000,0.360000000000
1325860032,6.844270000000,1.150000000000
1325944833,6.990100000000,1.543706830000
1325944833,7.004640000000,6.000000000000
1325944833,7.004850000000,0.680758600000
1325944833,7.023060000000,21.775534570000
1325944898,6.657930000000,0.147030000000
1325944898,6.657360000000,1.000000000000
1325944898,6.655360000000,1.032970000000
1325949639,6.882590000000,27.985750500000
1325949639,6.956180000000,8.000000000000
1325949639,6.956180000000,25.000000000000
1325949639,6.978750000000,78.479684960000
1325949639,6.980420000000,1.051010000000
1325949639,6.981630000000,0.176120000000
1325949639,6.983910000000,1.061520000000
1325949639,6.985740000000,0.414896570000
1325949639,6.986860000000,0.021390000000
1325949639,6.987410000000,1.072140000000
1325949639,6.988160000000,1.493709750000
1325949640,6.988910000000,57.243778220000
1325949679,6.628030000000,1.192000000000
1326109919,6.419990000000,0.022024950000
1326114486,6.753110000000,4.200000000000
1326114486,6.764030000000,4.262003760000
1326114486,6.796380000000,1.537996240000
1326114499,6.796380000000,10.000000000000
1326114510,6.763820000000,10.000000000000
1326114523,6.796380000000,10.000000000000
1326114534,6.796380000000,20.000000000000
1326114547,6.796380000000,19.987700000000
1326114547,6.796380000000,0.012300000000
1326114559,6.796380000000,9.963100000000
1326114559,6.796380000000,10.036900000000
1326114574,6.795230000000,2.000000000000
1326114595,6.550970000000,0.010226730000
1326114595,6.538490000000,0.010228910000
1326114595,6.526010000000,0.010231500000
1326114595,6.513530000000,0.010234900000
1326114595,6.505150000000,0.442807730000
1326114595,6.501050000000,0.010238050000
1326114595,6.488580000000,0.010267260000
1326114595,6.476100000000,0.010269900000
1326114595,6.469410000000,0.023818370000
1326114595,6.463620000000,0.010272840000
1326114595,6.451140000000,0.010274670000
1326114596,6.438660000000,0.010277220000
1326114596,6.429130000000,1.022851920000
1326128651,6.398100000000,0.003000000000
1326128704,6.398100000000,3.617000000000
1326135166,6.500000000000,3.000000000000
1326155612,6.595070000000,0.002891550000
1326175528,6.700000000000,9.051411500000
1326182209,6.500000000000,1.000000000000
1326183471,6.700000000000,1.000000000000
1326243851,6.490340000000,35.113517980000
1326259434,6.605790000000,29.866744170000
1326259449,6.605790000000,1.000000000000
1326259457,6.605780000000,1.000000000000
1326259469,6.558210000000,20.000000000000
1326259469,6.558200000000,1.000000000000
1326259494,6.535890000000,1.708988700000
1326259497,6.535880000000,10.310749150000
1326262162,6.776190000000,30.000000000000
1326262183,6.776190000000,20.000000000000
1326263769,7.010250000000,10.000000000000
1326263828,7.010250000000,1.000000000000
1326358820,7.030000000000,10.170000000000
1326382723,6.605630000000,51.034564450000
1326488494,6.569460000000,2.040000000000
1326488632,6.569460000000,0.320000000000
1326519719,6.487690000000,2.001470000000
1326519721,6.649880000000,1.940938780000
1326571116,7.034390000000,0.019581800000
1326571900,7.034390000000,0.980418200000
1326581586,6.827130000000,0.200000000000
1326581586,6.803330000000,0.800000000000
1326657418,7.030000000000,1.621600000000
1326661963,7.030000000000,8.458400000000
1326672920,7.244720000000,0.799917730000
1326685608,7.081230000000,0.015000000000
1326728761,6.992300000000,0.015000000000
1326737927,6.746510000000,0.020585970000
1326737930,6.746500000000,1.019414030000
1326751695,6.905450000000,22.698700000000
1326751695,6.905450000000,1.000000000000
1326751747,6.966020000000,14.303494350000
1326751761,6.978140000000,2.050000000000
1326751831,6.990250000000,1.720000000000
1326752076,7.011450000000,39.934700000000
1326752094,7.011450000000,0.574400000000
1326754336,6.621810000000,0.350000000000
1326810408,6.872600000000,0.630000000000
1326839321,6.100000000000,2.150950810000
1326839544,5.400000000000,2800.000000000000
1326896830,5.735890000000,0.210000000000
1326896859,5.735890000000,0.780000000000
1326918401,5.837410000000,2.499400000000
1326921746,5.915550000000,2.020000000000
1326969070,6.200000000000,1.000000000000
1326999085,6.388800000000,0.050400000000
1326999085,6.389840000000,0.100000000000
1326999085,6.392950000000,0.200000000000
1326999091,6.394380000000,6.000000000000
1326999102,6.394380000000,13.207300000000
1327008039,6.128570000000,0.021177880000
1327008157,6.128570000000,0.668822120000
1327035750,6.536600000000,28.288945320000
1327070459,6.417140000000,0.540000000000
1327180271,6.357600000000,28.900000000000
1327285356,6.549990000000,0.940800000000
1327328564,6.230210000000,4.170000000000
1327375358,6.549990000000,0.746024030000
1327515575,5.897240000000,0.668109140000
1327541593,5.966700000000,2.250000000000
1327552373,5.733750000000,0.178347960000
1327584551,5.733750000000,1.739742750000
1327788706,5.610000000000,2.378704090000
1327795644,5.739100000000,1.000000000000
1327799846,5.739100000000,104.000000000000
1327942749,5.424790000000,1.150000000000
1327975769,5.503870000000,1.000000000000
1328057969,5.600000000000,1.000000000000
1328059694,5.600000000000,3.710000000000
1328109069,5.462460000000,0.021670300000
1328109121,5.462460000000,0.548329700000
1328131452,5.700000000000,1.000000000000
1328131467,5.800000000000,2.364431870000
1328131467,5.800000000000,1.000000000000
1328131691,5.900000000000,1.000000000000
1328131752,6.000000000000,1.000000000000
1328187841,5.952560000000,0.015000000000
1328193975,5.858790000000,0.700000000000
1328201985,6.100000000000,1.000000000000
1328205168,5.996590000000,2.000000000000
1328209175,6.100000000000,1.000000000000
1328226896,6.003180000000,1.067295210000
1328226896,6.001260000000,1.088026470000
1328227519,6.100000000000,0.970000000000
1328229664,6.100010000000,1.130000000000
1328279749,5.877680000000,0.830000000000
1328408473,5.800000000000,0.500000000000
1328436742,5.800000000000,1.000000000000
1328437666,5.800000000000,0.100000000000
1328450465,5.800000000000,1.400000000000
1328477884,5.733170000000,9.631669730000
1328495845,5.773190000000,0.069756920000
1328529704,5.750000000000,1.102900000000
1328540922,5.597280000000,3.720000000000
1328577973,5.445020000000,4.000000000000
1328585245,5.436060000000,3.502442830000
1328585245,5.434330000000,3.525832400000
1328585811,5.421000000000,10.971724770000
1328639386,5.590130000000,0.490000000000
1328702260,5.500000000000,2.478440000000
1328705986,5.640880000000,1.000000000000
1328706279,5.640740000000,1.000000000000
1328713635,5.576920000000,0.020414020000
1328715373,5.576920000000,0.769585980000
1328719994,5.671810000000,0.020234700000
1328720157,5.688040000000,0.021590400000
1328720448,5.701460000000,0.021599600000
1328720448,5.704130000000,0.020234300000
1328720448,5.714880000000,0.021610100000
1328720448,5.720290000000,0.020234700000
1328720448,5.728290000000,0.021620400000
1328720645,5.730000000000,10.000000000000
1328720676,5.730000000000,1.009500000000
1328720723,5.736440000000,0.020234100000
1328720757,5.740000000000,0.300000000000
1328720808,5.741710000000,0.021618400000
1328720808,5.752600000000,0.020233400000
1328720808,5.755120000000,0.021621300000
1328720808,5.759750000000,1.000000000000
1328720809,5.760770000000,1.000000000000
1328720809,5.761790000000,1.000000000000
1328720809,5.762820000000,1.000000000000
1328720809,5.763840000000,0.409130020000
1328738331,5.746720000000,0.366400000000
1328738331,5.749480000000,1.000000000000
1328738373,5.749490000000,0.584199640000
1328798508,5.546880000000,0.020452600000
1328798902,5.546880000000,0.819547400000
1328801243,5.600000000000,2.299500000000
1328801243,5.600000000000,2.299500000000
1328802799,5.600000000000,0.007931610000
1328817278,5.700000000000,4.650000000000
1328821948,5.650000000000,5.000000000000
1328824067,5.700000000000,4.000000000000
1328824067,5.700000000000,4.000000000000
1328825455,5.700000000000,1.000000000000
1328836731,5.800000000000,1.000000000000
1328837232,5.800000000000,3.189200000000
1328843325,5.800000000000,6.810800000000
1328869228,5.850000000000,5.000000000000
1328882624,5.780460000000,0.550000000000
1328910848,5.900000000000,1.100000000000
1328912024,5.900000000000,3.900000000000
1328912412,5.888360000000,0.500000000000
1328974074,5.820790000000,1.106089250000
1328974074,5.818950000000,1.127574050000
1328975084,5.806480000000,7.766336700000
1329090001,5.667980000000,1.193942100000
1329100512,5.500000000000,4.000000000000
1329177511,5.410000000000,21.940000000000
1329184862,5.215080000000,20.000000000000
1329187416,5.000000000000,10.000000000000
1329264359,4.557930000000,0.010022090000
1329280984,4.791230000000,0.150000000000
1329281034,4.791380000000,1.801400000000
1329338494,4.356720000000,0.020706310000
1329338494,4.341700000000,0.020705760000
1329338494,4.326670000000,0.020706720000
1329338494,4.311650000000,0.020702900000
1329338494,4.304300000000,1.000000000000
1329338494,4.300150000000,1.000000000000
1329338494,4.296630000000,0.020698170000
1329338494,4.295640000000,4.896480140000
1329343432,4.389960000000,0.020574600000
1329343459,4.300150000000,0.213774000000
1329343459,4.296630000000,0.020775860000
1329343459,4.295640000000,5.827519860000
1329343459,4.292330000000,5.000000000000
1329343459,4.292330000000,10.000000000000
1329343459,4.291630000000,6.000000000000
1329343459,4.291530000000,0.300000000000
1329343459,4.285420000000,0.069280000000
1329343459,4.281600000000,0.020693460000
1329343459,4.281020000000,6.827956820000
1329349769,4.296630000000,0.020780850000
1329349769,4.281600000000,0.020777310000
1329349769,4.281020000000,93.172043180000
1329349769,4.266580000000,0.020688460000
1329349769,4.252800000000,2.762089720000
1329349769,4.251560000000,0.020663390000
1329349769,4.250360000000,20.000000000000
1329349769,4.250310000000,0.027221990000
1329349769,4.248960000000,0.056034760000
1329349769,4.240650000000,12.000000000000
1329349769,4.237520000000,4.493900000000
1329349769,4.237520000000,78.484800000000
1329349769,4.237520000000,5.000000000000
1329349769,4.236530000000,0.020662280000
1329349769,4.231010000000,2.000000000000
1329349769,4.221510000000,0.020661140000
1329349770,4.215700000000,156.362376860000
1329349770,4.215680000000,88.132727270000
1329349770,4.215680000000,14.545500000000
1329349770,4.206490000000,0.020657260000
1329349770,4.202640000000,0.090000000000
1329349770,4.192890000000,75.598625580000
1329349770,4.192890000000,22.500000000000
1329349770,4.192890000000,3.687813950000
1329349770,4.192890000000,10.000000000000
1329349770,4.192890000000,14.000000000000
1329349770,4.192890000000,0.029853480000
1329349770,4.192890000000,10.360000000000
1329349770,4.192890000000,0.050500000000
1329349770,4.192890000000,10.000000000000
1329349770,4.192890000000,6.302800000000
1329349770,4.192890000000,0.040263630000
1329349770,4.192890000000,10.000000000000
1329349770,4.191580000000,0.328490000000
1329349770,4.191460000000,0.020653060000
1329349771,4.191030000000,531.033991840000
1329349771,4.187910000000,0.249870000000
1329349771,4.187160000000,0.046630580000
1329349771,4.187160000000,0.022454650000
1329349771,4.187080000000,0.241985490000
1329349771,4.186510000000,0.199110000000
1329349776,4.185110000000,0.053660000000
1329349776,4.184400000000,0.078020000000
1329349776,4.184400000000,0.046410000000
1329349776,4.183940000000,0.066240000000
1329349776,4.183510000000,0.092620000000
1329349776,4.183140000000,100.000000000000
1329349776,4.183140000000,10.000000000000
1329349776,4.183140000000,0.200000000000
1329349776,4.183140000000,49.000932400000
1329349776,4.183130000000,185.390345890000
1329349776,4.182650000000,15.000000000000
1329349776,4.182450000000,0.014770000000
1329349776,4.182450000000,1.226670000000
1329349776,4.182450000000,1.535790000000
1329349776,4.181050000000,1.384770000000
1329349776,4.179270000000,0.049070000000
1329349776,4.179190000000,50.000000000000
1329349776,4.178830000000,0.157980000000
1329349776,4.178120000000,1.258660000000
1329349776,4.177590000000,0.046624570000
1329349777,4.177590000000,0.022452520000
1329349777,4.176440000000,0.020200000000
1329349777,4.175930000000,0.209856570000
1329349777,4.175580000000,0.075090000000
1329349777,4.173560000000,1.210000000000
1329349777,4.173390000000,32.943900000000
1329349777,4.173390000000,1.020000000000
1329349777,4.173390000000,20.000000000000
1329349777,4.173240000000,0.100000000000
1329349777,4.171440000000,0.100000000000
1329349777,4.170460000000,50.000000000000
1329349778,4.169410000000,0.012070000000
1329349778,4.169410000000,0.954460000000
1329349778,4.169410000000,0.021630000000
1329349778,4.169410000000,0.116570000000
1329349778,4.168510000000,69.450300000000
1329349778,4.168510000000,0.100000000000
1329349778,4.168500000000,0.394480000000
1329349778,4.168460000000,0.514250000000
1329349778,4.168450000000,0.010010000000
1329349778,4.168040000000,0.046615560000
1329349778,4.168040000000,0.022453310000
1329349778,4.167310000000,0.018590000000
1329349779,4.167310000000,0.161620000000
1329349779,4.167310000000,0.074430000000
1329349779,4.166370000000,0.209816740000
1329349779,4.166310000000,1.671140000000
1329349779,4.166210000000,100.000000000000
1329349779,4.165250000000,0.281570000000
1329349779,4.163780000000,0.020080000000
1329349779,4.163640000000,0.020200000000
1329349779,4.163640000000,1.020000000000
1329349779,4.163640000000,0.200000000000
1329349779,4.163290000000,0.149130000000
1329349779,4.162670000000,0.063990000000
1329349779,4.161550000000,0.058610000000
1329349779,4.161550000000,0.478020000000
1329349780,4.161550000000,7.992110000000
1329349780,4.161490000000,5.463560000000
1329349780,4.161420000000,0.020200000000
1329349780,4.160840000000,0.031540000000
1329349780,4.160320000000,5.000000000000
1329349780,4.159460000000,0.011750000000
1329349780,4.159460000000,0.027510000000
1329349780,4.158590000000,0.085700000000
1329349780,4.158480000000,0.046612840000
1329349780,4.158480000000,0.022456950000
1329349780,4.158140000000,0.194770000000
1329349780,4.158140000000,1.188160000000
1329349780,4.158110000000,3.090440000000
1329349780,4.156810000000,0.209796210000
1329349781,4.155440000000,1.669760000000
1329349781,4.154050000000,0.484408880000
1329349781,4.154030000000,5.000000000000
1329349781,4.153990000000,10.000000000000
1329349781,4.153890000000,0.020200000000
1329349781,4.153890000000,3.000000000000
1329349781,4.153890000000,1.020000000000
1329349781,4.153240000000,0.085500000000
1329349781,4.152760000000,0.029470000000
1329349781,4.152760000000,0.196950000000
1329349781,4.152500000000,2.040180000000
1329349781,4.150890000000,0.311750000000
1329349781,4.149670000000,0.362990000000
1329349781,4.148920000000,0.022441700000
1329349781,4.147640000000,21.797616090000
1329349781,4.147380000000,240.644393920000
1329349781,4.147260000000,0.209775660000
1329349782,4.146390000000,0.020200000000
1329349782,4.146030000000,0.270730000000
1329349782,4.145110000000,5.000000000000
1329349782,4.144150000000,5.000000000000
1329349782,4.144150000000,10.000000000000
1329349782,4.144140000000,100.000000000000
1329349782,4.144140000000,0.050500000000
1329349782,4.144140000000,0.020210000000
1329349782,4.144140000000,150.000000000000
1329349782,4.144140000000,2.000000000000
1329349782,4.144140000000,1.000000000000
1329349782,4.144140000000,28.435800000000
1329349782,4.144140000000,10.762200000000
1329349782,4.144140000000,0.230000000000
1329349782,4.144140000000,11.489842350000
1329349783,4.144140000000,25.000000000000
1329349783,4.144140000000,0.030000000000
1329349783,4.144140000000,25.000000000000
1329349783,4.144140000000,39.600000000000
1329349783,4.144140000000,10.000000000000
1329349783,4.144140000000,0.249400000000
1329349783,4.144140000000,70.588200000000
1329349783,4.144140000000,2.000000000000
1329349783,4.144140000000,0.020200000000
1329349783,4.144140000000,25.000000000000
1329349783,4.144140000000,14.000000000000
1329349783,4.144140000000,15.000000000000
1329349783,4.144140000000,20.541826190000
1329349783,4.144140000000,10.588200000000
1329349783,4.144140000000,1.000000000000
1329349783,4.144140000000,3.882400000000
1329349783,4.144140000000,1.176500000000
1329349783,4.144140000000,0.200000000000
1329349783,4.144140000000,18.608900000000
1329349783,4.144140000000,4.000000000000
1329349783,4.143460000000,0.241985490000
1329349783,4.143260000000,0.058770000000
1329349784,4.142790000000,6.000000000000
1329349784,4.142550000000,0.086560000000
1329349784,4.142550000000,0.050800000000
1329349784,4.142100000000,0.072780000000
1329349784,4.141670000000,0.102570000000
1329349784,4.141100000000,0.046590260000
1329349784,4.140630000000,0.016110000000
1329349784,4.140630000000,1.365290000000
1329349784,4.140630000000,1.690580000000
1329349784,4.139380000000,10.000000000000
1329349784,4.139250000000,0.100000000000
1329349784,4.139240000000,1.526720000000
1329349784,4.139040000000,5.000000000000
1329349784,4.139040000000,100.000000000000
1329349784,4.139040000000,12.005000000000
1329349784,4.138380000000,0.175040000000
1329349784,4.137700000000,0.209755080000
1329349784,4.137480000000,0.053340000000
1329349784,4.137190000000,0.439160000000
1329349784,4.136580000000,1.000000000000
1329349784,4.136340000000,1.371610000000
1329349784,4.134920000000,124.219700000000
1329349784,4.134790000000,21.559801240000
1329349785,4.134400000000,10.000000000000
1329349785,4.134390000000,30.000000000000
1329349785,4.134390000000,1.000000000000
1329349785,4.134390000000,1.000000000000
1329349785,4.134390000000,1.000000000000
1329349785,4.134390000000,90.461158010000
1329349785,4.133820000000,0.066960000000
1329349785,4.133070000000,16.366650000000
1329349785,4.132230000000,23.597200000000
1329349785,4.131560000000,0.046589660000
1329349785,4.131560000000,0.022442200000
1329349785,4.129790000000,0.046579000000
1329349785,4.129790000000,0.022443610000
1329349785,4.127720000000,0.014310000000
1329349785,4.127720000000,1.050970000000
1329349785,4.127720000000,0.129930000000
1329349785,4.127290000000,0.003640680000
1329349785,4.126820000000,0.449250000000
1329349785,4.126770000000,0.560760000000
1329349785,4.126760000000,0.010140000000
1329349785,4.126600000000,1.010000000000
1329349786,4.126590000000,490.000000000000
1329349786,4.126590000000,1.040000000000
1329349786,4.125900000000,23.213000000000
1329349786,4.125630000000,0.011520000000
1329349786,4.125630000000,0.030630000000
1329349786,4.125630000000,0.185430000000
1329349786,4.125630000000,0.077230000000
1329349786,4.125630000000,0.021820000000
1329349786,4.124650000000,1.846160000000
1329349786,4.124650000000,10.000000000000
1329349786,4.124640000000,0.232500000000
1329349786,4.124640000000,21.506728130000
1329349786,4.124640000000,154.846300000000
1329349786,4.124640000000,0.394800000000
1329349786,4.124640000000,4.255300000000
1329349786,4.124640000000,0.200000000000
1329349786,4.123590000000,0.247010000000
1329349786,4.122690000000,24.886000000000
1329349786,4.122140000000,0.020760000000
1329349786,4.121650000000,0.130980000000
1329349786,4.121050000000,0.071370000000
1329349786,4.120900000000,10.000000000000
1329349786,4.120370000000,0.209734480000
1329349786,4.120240000000,0.046569950000
1329349786,4.120240000000,0.022445430000
1329349787,4.119940000000,0.014060000000
1329349787,4.119940000000,0.064400000000
1329349787,4.119940000000,6.991620000000
1329349787,4.119940000000,0.523390000000
1329349787,4.119880000000,5.935960000000
1329349787,4.119760000000,22.733420110000
1329349787,4.119490000000,1.319373270000
1329349787,4.119230000000,0.034810000000
1329349787,4.119180000000,73.000000000000
1329349787,4.118790000000,7.000000000000
1329349787,4.118590000000,0.209733250000
1329349787,4.117000000000,0.098950000000
1329349787,4.116830000000,0.331000000000
1329349787,4.116830000000,495.000000000000
1329349787,4.116560000000,0.212020000000
1329349787,4.116560000000,1.419460000000
1329349787,4.115860000000,10.000000000000
1329349787,4.115860000000,376.754484710000
1329349787,4.115530000000,1.000000000000
1329349787,4.114890000000,5.000000000000
1329349787,4.114890000000,10.000000000000
1329349787,4.114880000000,25.000000000000
1329349788,4.114880000000,137.000000000000
1329349788,4.114880000000,10.000000000000
1329349788,4.114880000000,3.000000000000
1329349788,4.114880000000,201.000000000000
1329349788,4.114880000000,25.000000000000
1329349788,4.114880000000,15.000000000000
1329349788,4.114880000000,8.000000000000
1329349788,4.114880000000,0.050000000000
1329349788,4.114880000000,0.050000000000
1329349788,4.114060000000,50.000000000000
1329349788,4.113910000000,210.560656550000
1329349788,4.111710000000,0.120790000000
1329349788,4.111230000000,0.032030000000
1329349788,4.111230000000,0.214960000000
1329349788,4.110970000000,2.262400000000
1329349788,4.110690000000,49.000000000000
1329349788,4.110680000000,0.046563400000
1329349788,4.110680000000,0.022447050000
1329349788,4.110400000000,50.000000000000
1329349788,4.110010000000,20.000000000000
1329349788,4.110010000000,52.000000000000
1329349788,4.110010000000,1.000000000000
1329349789,4.109110000000,0.500000000000
1329349789,4.109110000000,900.000000000000
1329349789,4.109110000000,2.000000000000
1329349789,4.109110000000,2.000000000000
1329349789,4.109030000000,0.209732060000
1329349789,4.108780000000,2.705200000000
1329349789,4.108170000000,0.397850000000
1329349789,4.107510000000,25.000000000000
1329349789,4.107200000000,199.000000000000
1329349789,4.107190000000,163.586394030000
1329349789,4.107190000000,240.000000000000
1329349789,4.107190000000,23.741100000000
1329349789,4.107080000000,90.478243110000
1329349789,4.106990000000,23.742300000000
1329349789,4.106990000000,8.275153730000
1329349789,4.106110000000,52.500000000000
1329349789,4.106110000000,709.150201850000
1329349789,4.105680000000,1.000000000000
1329349789,4.105230000000,10.000000000000
1329349789,4.105140000000,10.000000000000
1329349789,4.105130000000,341.778026120000
1329349789,4.105130000000,0.010000000000
1329349789,4.105130000000,11.876500000000
1329349789,4.105130000000,44.000000000000
1329349789,4.105130000000,27.000000000000
1329349790,4.105130000000,3.000000000000
1329349790,4.104570000000,0.291800000000
1329349790,4.104260000000,15.000000000000
1329349790,4.103180000000,298.000000000000
1329349790,4.103180000000,1.080000000000
1329349790,4.101830000000,0.063930000000
1329349790,4.101130000000,0.095180000000
1329349790,4.101130000000,0.055250000000
1329349790,4.101120000000,0.045838730000
1329349790,4.101120000000,0.022234980000
1329349790,4.100690000000,0.079390000000
1329349790,4.100260000000,0.118580000000
1329349790,4.100260000000,1.606461350000
1329349790,4.099850000000,0.241985490000
1329349790,4.099480000000,0.209711410000
1329349790,4.099220000000,0.017470000000
1329349790,4.099220000000,1.505310000000
1329349790,4.099220000000,1.846930000000
1329349790,4.098570000000,100.000000000000
1329349790,4.098210000000,5.492279140000
1329349790,4.097850000000,1.670110000000
1329349790,4.096430000000,39.000000000000
1329349790,4.096360000000,5.000000000000
1329349790,4.096100000000,0.057650000000
1329349791,4.095680000000,0.172550000000
1329349791,4.095480000000,269.388550900000
1329362523,4.374920000000,0.200000000000
1329362523,4.394270000000,6.606412440000
1329473852,4.628130000000,0.138000000000
1329473910,4.628130000000,1.107687120000
1329878612,4.472520000000,8.431590000000
1329878612,4.473540000000,0.030000000000
1329878612,4.473540000000,0.030000000000
1329878612,4.473540000000,0.030000000000
1329878612,4.473540000000,0.030000000000
1329878612,4.474560000000,0.030000000000
1329878612,4.474560000000,0.030000000000
1329878612,4.496780000000,0.521024840000
1329878612,4.498080000000,0.030000000000
1329878613,4.498080000000,0.030000000000
1329878613,4.498080000000,0.030000000000
1329878613,4.498080000000,0.030000000000
1329878613,4.503150000000,0.239847500000
1329878613,4.510740000000,0.995000000000
1329878613,4.513360000000,0.240525800000
1329878613,4.521000000000,0.995000000000
1329878613,4.521700000000,0.300000000000
1329878613,4.522350000000,14.050000000000
1329878613,4.522460000000,11.547646630000
1330032595,4.925350000000,2.200000000000
1330139510,5.090480000000,33.268300000000
1330202481,4.686640000000,0.022080700000
1330203322,4.680250000000,0.020828380000
1330209165,4.680240000000,1.205303920000
1330212569,4.887300000000,0.010000000000
1330212569,4.887310000000,0.010000000000
1330212569,4.887320000000,0.010000000000
1330212569,4.888060000000,1.000000000000
1330212576,4.892420000000,0.010000000000
1330212590,4.892420000000,0.146900000000
1330357364,4.882680000000,1.900000000000
1330357438,4.899880000000,2.000000000000
1330445284,4.880000000000,5.594300000000
1330471458,4.777340000000,0.021246650000
1330471492,4.777330000000,0.278753350000
1330499141,4.950000000000,6.217563650000
1330502322,4.950000000000,6.379800000000
1330505091,4.950000000000,7.402636350000
1330657885,4.950000000000,0.500000000000
1330657885,4.992610000000,0.626000000000
1330657885,4.992610000000,13.874000000000
1330661086,4.750000000000,6.315800000000
1330676182,4.737910000000,5.216500000000
1330700563,4.530160000000,44.220000000000
1330895218,4.850000000000,11.468800000000
1330914649,4.839990000000,0.000072350000
1330923005,4.914790000000,0.010000000000
1330923139,4.760000000000,0.559900000000
1330984503,4.996130000000,10.000000000000
1330984503,5.000000000000,1.000000000000
1330984503,5.007200000000,2.000703000000
1330984503,5.009640000000,1.999297000000
1330985061,4.880000000000,14.876328250000
1330986206,4.832960000000,9.147925060000
1330986206,4.880000000000,0.598037300000
1331045844,4.926160000000,1.350000000000
1331075183,4.906400000000,4.887000000000
1331075973,4.906400000000,5.177149600000
1331076791,5.071000000000,4.979000000000
1331203141,4.962610000000,0.010000000000
1331203141,4.962620000000,0.010000000000
1331203141,4.962630000000,0.010000000000
1331203141,4.968580000000,9.970000000000
1331255204,4.982040000000,0.010000000000
1331255204,4.982050000000,0.010000000000
1331255204,4.982060000000,0.010000000000
1331255204,4.982060000000,0.010000000000
1331255204,4.982060000000,0.010000000000
1331255204,4.982070000000,0.010000000000
1331255204,4.982080000000,0.010000000000
1331255204,5.003950000000,0.600000000000
1331255205,5.007510000000,19.500000000000
1331255205,5.007530000000,14.858111680000
1331281226,4.896250000000,1.025619640000
1331353286,4.761260000000,0.020907220000
1331353344,4.761260000000,0.493485240000
1331354886,4.958670000000,10.360000000000
1331408116,4.875000000000,0.200000000000
1331425733,4.875000000000,4.300000000000
1331425742,4.813280000000,0.620000000000
1331602720,4.850000000000,0.700000000000
1331607101,4.980170000000,0.021217900000
1331607101,4.982820000000,1.109317610000
1331617391,4.990000000000,9.945000000000
1331617499,5.018150000000,14.999600000000
1331617561,4.990000000000,0.543929850000
1331658524,5.133830000000,15.796854180000
1331658524,5.133830000000,32.483145820000
1331670466,5.150240000000,40.000000000000
1331671787,5.108730000000,5.956952750000
1331672137,5.108720000000,0.610000000000
1331672619,5.103270000000,10.000000000000
1331672619,5.048860000000,2.007260130000
1331672619,5.041100000000,12.992739870000
1331672722,5.103330000000,6.267197910000
1331672722,5.090640000000,10.000000000000
1331672722,5.040110000000,10.325849340000
1331672735,5.150000000000,0.979567200000
1331672829,5.103260000000,0.474541310000
1331672829,5.047860000000,49.525458690000
1331679738,5.250000000000,12.853076260000
1331682290,5.134080000000,40.000000000000
1331686742,5.250000000000,22.484821770000
1331687209,5.250000000000,8.357071260000
1331688317,5.250000000000,6.305030710000
1331691046,5.141920000000,0.009000000000
1331695145,5.250000000000,50.000000000000
1331696887,5.260000000000,4.500000000000
1331699448,5.250020000000,0.616280000000
1331703202,5.280000000000,50.000000000000
1331703202,5.300000000000,22.041061540000
1331715120,5.300000000000,19.191538710000
1331718551,5.300000000000,57.000000000000
1331719582,5.300000000000,4.710376760000
1331720086,5.300000000000,13.055100000000
1331720772,5.300000000000,12.872355790000
1331742445,5.480540000000,3.188600000000
1331753093,5.346260000000,1.373500000000
1331754416,5.346260000000,14.124300000000
1331755054,5.346260000000,1.502200000000
1331772631,5.290110000000,0.010000000000
1331813907,5.257020000000,1.000000000000
1331814006,5.435210000000,0.961100000000
1331832920,5.204340000000,1.000000000000
1331836056,5.233860000000,16.867400000000
1331836776,5.230180000000,3.122600000000
1331846953,5.203680000000,20.405664610000
1331896060,5.350000000000,66.034335390000
1331999935,5.255660000000,1.000800000000
1331999981,5.425890000000,0.964866590000
1332006979,5.300000000000,1.000000000000
1332006993,5.300000000000,1.000000000000
1332007007,5.300000000000,1.000000000000
1332011548,5.280000000000,7.000000000000
1332027451,5.300000000000,9.933690560000
1332035153,5.348230000000,1.626000000000
1332106866,5.120600000000,0.020706360000
1332107932,5.120600000000,0.169516140000
1332109214,5.120600000000,2.299777500000
1332171029,5.150000000000,26.543700000000
1332171160,5.000000000000,4.700000000000
1332175331,5.067650000000,17.826800000000
1332249763,4.750000000000,0.204000000000
1332249765,4.718760000000,0.681577360000
1332256840,4.750000000000,2.500000000000
1332256920,4.642440000000,16.260000000000
1332256971,4.642430000000,18.000000000000
1332279171,4.873380000000,3.000000000000
1332279240,4.873790000000,3.000000000000
1332279240,4.873890000000,34.957400000000
1332279364,4.873600000000,0.925597090000
1332339460,4.923410000000,0.737667550000
1332339465,4.925000000000,3.000000000000
1332339491,4.925000000000,25.000000000000
1332339524,4.925000000000,3.000000000000
1332339603,4.925000000000,19.040000000000
1332339609,4.925000000000,0.000132450000
1332437824,4.677730000000,0.021200070000
1332437824,4.676560000000,24.124939850000
1332437824,4.666110000000,9.533860080000
1332525296,4.580210000000,26.000000000000
1332545244,4.714180000000,2.100000000000
1332723316,4.548880000000,0.020000000000
1332725435,4.548880000000,0.010000000000
1332727324,4.676260000000,0.015000000000
1332727690,4.502850000000,0.010000000000
1332728626,4.676260000000,0.010700000000
1332729616,4.676260000000,0.012879950000
1332730164,4.502850000000,0.010000000000
1332897127,4.896030000000,29.466271840000
1332897262,4.896030000000,1.140271410000
1332897301,4.896030000000,4.092956750000
1332911416,4.875710000000,3.000000000000
1332911484,4.875710000000,1.049084000000
1332911572,4.875710000000,3.000000000000
1332911753,4.875710000000,3.000000000000
1332911792,4.875710000000,12.046116000000
1332913836,4.702040000000,0.010000000000
1332949842,4.892760000000,0.010000000000
1333044736,4.714830000000,33.911284080000
1333045538,4.850260000000,3.000000000000
1333045735,4.869690000000,3.000000000000
1333045735,4.869820000000,26.647179970000
1333053757,4.898300000000,38.337400000000
1333058625,4.890820000000,3.000000000000
1333059241,4.890940000000,76.269000000000
1333118300,4.876970000000,2.090000000000
1333118300,4.876980000000,0.413000000000
1333139836,4.733170000000,1.355736210000
1333139836,4.733170000000,0.010000000000
1333139836,4.733170000000,0.010000000000
1333139836,4.733170000000,0.010000000000
1333139836,4.733170000000,0.010000000000
1333139886,4.733170000000,0.010000000000
1333139984,4.733170000000,0.010000000000
1333139990,4.733170000000,3.084263790000
1333155575,4.831560000000,1.000000000000
1333155583,4.831560000000,0.040000000000
1333155782,4.836650000000,0.010000000000
1333177369,4.877360000000,39.255418170000
1333225351,4.840390000000,0.200000000000
1333225900,4.986530000000,0.192973870000
1333303048,4.890000000000,0.010000000000
1333303593,4.704610000000,0.020000000000
1333381366,4.890000000000,0.660000000000
1333496112,4.910950000000,6.860000000000
1333517585,4.883620000000,0.099061840000
1333528290,4.895880000000,0.095582280000
1333528321,4.895880000000,0.099129220000
1333536100,5.039500000000,0.284300000000
1333570347,5.003520000000,3.000000000000
1333570347,5.007900000000,3.690600000000
1333570394,5.003410000000,0.019053000000
1333602434,4.900010000000,14.352750190000
1333701861,5.046160000000,3.000000000000
1333701861,5.063620000000,12.625000000000
1333731733,4.835290000000,1.187788260000
1333731927,5.065990000000,1.073734910000
1333732533,5.063650000000,0.053758260000
1333797372,4.800010000000,1.122781640000
1333797418,4.942930000000,1.035066290000
1333797537,4.800010000000,1.001776710000
1333797594,4.942020000000,0.973173870000
1333797705,4.800010000000,0.948824310000
1333797753,4.941830000000,0.922070520000
1333797870,4.800010000000,0.889826040000
1333797924,4.942040000000,0.864716010000
1333818798,4.800000000000,14.270800000000
1333818798,4.800010000000,14.707432830000
1333832128,4.800010000000,4.000000000000
1333843020,4.800010000000,2.326266770000
1333843231,4.790000000000,8.226666140000
1333843324,4.790000000000,1.773333860000
1333971372,4.800000000000,7.000000000000
1334013875,4.800000000000,24.937530070000
1334025426,4.800000000000,96.474766710000
1334025442,4.800000000000,1.000000000000
1334072538,4.850000000000,7.000000000000
1334072538,4.850000000000,16.936766250000
1334073590,4.850000000000,0.018298960000
1334076666,4.750550000000,0.018189170000
1334089662,4.850000000000,3.044934790000
1334089662,4.850000000000,8.857495660000
1334090222,4.850000000000,25.053900000000
1334102702,4.850000000000,8.035759640000
1334103342,4.850000000000,8.116644130000
1334126035,4.860000000000,15.000000000000
1334126329,4.860000000000,6.992200000000
1334126697,4.860000000000,23.837100000000
1334127036,4.860000000000,58.852300000000
1334127057,4.860000000000,79.456900000000
1334127144,4.860000000000,3.178285950000
1334127253,4.860000000000,2.000000000000
1334127295,4.860000000000,63.565700000000
1334127303,4.860000000000,0.000019060000
1334127441,4.860000000000,9.600000000000
1334127578,4.860000000000,54.000000000000
1334128318,4.860000000000,2.075334910000
1334128964,4.860000000000,25.382160080000
1334133057,4.870000000000,15.000000000000
1334172740,4.880000000000,3.000000000000
1334172915,4.880000000000,15.826290630000
1334173501,4.880000000000,1.173709370000
1334180811,4.900000000000,10.000000000000
1334180983,4.900000000000,10.000000000000
1334254324,4.930000000000,5.000000000000
1334254426,4.950000000000,5.000000000000
1334254426,4.970000000000,5.000000000000
1334254426,4.990000000000,2.613226450000
1334268410,4.990000000000,1.000000000000
1334273857,4.990000000000,16.386773550000
1334287539,5.000000000000,20.000000000000
1334291355,4.990000000000,26.705179390000
1334291358,4.990000000000,50.000000000000
1334291358,4.990000000000,27.148547060000
1334379836,4.884560000000,25.000000000000
1334380627,4.884560000000,5.000000000000
1334419308,4.930910000000,24.738094040000
1334419415,4.832290000000,0.021180730000
1334419541,4.832290000000,1.552040000000
1334428995,4.950000000000,1.000000000000
1334439067,4.950000000000,19.000000000000
1334439067,5.000000000000,1.000000000000
1334439433,5.000000000000,3.700000000000
1334439433,5.000000000000,7.050000000000
1334439731,5.000000000000,32.950000000000
1334439731,5.052660000000,7.628092080000
1334439731,5.052660000000,0.258079140000
1334439731,5.060350000000,0.048580950000
1334439731,5.062960000000,0.088355670000
1334439731,5.063250000000,0.053122000000
1334563163,4.799770000000,0.000500000000
1334612403,4.928000000000,0.951828570000
1334627628,4.928000000000,19.048171430000
1334629741,4.950000000000,2.104329500000
1334633488,4.950000000000,17.895670500000
1334696612,4.990000000000,4.000000000000
1334708071,5.000000000000,20.000000000000
1334712052,4.990000000000,5.000000000000
1334712055,4.990000000000,5.000000000000
1334712055,4.990000000000,5.000000000000
1334712055,4.990000000000,1.000000000000
1334716673,5.010000000000,14.579500000000
1334778564,5.073240000000,13.800000000000
1334800416,5.050000000000,2.985000000000
1334810978,5.247700000000,16.116479600000
1334823154,5.018830000000,15.000000000000
1334871845,5.035210000000,5.984259880000
1334871845,5.023110000000,0.700000000000
1334871845,5.018830000000,2.843583270000
1334871845,5.018830000000,0.050393840000
1334871845,5.012150000000,4.146020660000
1334871897,5.050000000000,10.000000000000
1334888572,5.095310000000,6.153800000000
1334888572,5.092240000000,8.771200000000
1334889376,5.042850000000,0.011805000000
1334889378,5.203570000000,0.011371030000
1334889381,5.042850000000,0.011302800000
1334889405,5.203560000000,0.000433970000
1334889547,5.201780000000,0.010457950000
1334896034,5.090910000000,0.010825670000
1334896100,5.217020000000,0.010500240000
1334896114,5.206670000000,0.011890510000
1334962346,5.114820000000,0.020706550000
1334962346,5.099640000000,0.020987490000
1334962346,5.096290000000,4.515406050000
1334976699,5.258240000000,15.655330010000
1334993806,5.410810000000,28.300000000000
1334993806,5.410830000000,1.505884880000
1334993807,5.410830000000,1.505884880000
1334993807,5.410830000000,1.505884880000
1334993807,5.410830000000,1.505884880000
1334993807,5.411200000000,19.196557940000
1334993807,5.414790000000,0.517712840000
1334993807,5.414800000000,2.500000000000
1334993807,5.421760000000,0.058500000000
1334993807,5.422930000000,0.146900000000
1334993807,5.423930000000,12.351508960000
1335048625,5.110480000000,9.283073290000
1335076121,5.150000000000,0.953390550000
1335076277,5.150000000000,0.000067320000
1335078757,5.150000000000,8.536707840000
1335079715,5.150000000000,2.958340860000
1335084912,5.150000000000,6.998164230000
1335085256,5.150000000000,81.563329200000
1335111251,5.063490000000,4.346618640000
1335111251,5.063490000000,3.976455380000
1335111251,5.057790000000,0.716635560000
1335111251,5.055460000000,3.782325760000
1335111251,5.053850000000,3.807584410000
1335111251,5.053830000000,0.020669620000
1335111251,5.051540000000,9.153589550000
1335111251,5.051410000000,5.651267080000
1335111251,5.051410000000,3.680641410000
1335111251,5.051320000000,114.864212590000
1335117943,5.112180000000,107.320384340000
1335120560,5.033790000000,0.020593080000
1335120560,5.023220000000,5.471891880000
1335120560,5.023170000000,3.806636090000
1335120560,5.021860000000,0.020585780000
1335120561,5.021580000000,1.699293170000
1335180760,5.034540000000,0.020320810000
1335180760,5.024730000000,0.020322460000
1335180760,5.014910000000,0.020322510000
1335180760,5.005100000000,0.020320920000
1335180760,4.995290000000,0.020320960000
1335180760,4.987890000000,0.022777050000
1335180761,4.985850000000,0.621729230000
1335180761,4.985590000000,11.443261070000
1335220020,5.100000000000,1.000000000000
1335284815,5.108590000000,3.566940310000
1335284815,5.084200000000,4.049909700000
1335445684,5.136930000000,2.940000000000
1335445684,5.137140000000,0.030000000000
1335446554,5.137140000000,14.064800000000
1335577402,5.000000000000,3.000000000000
1335930490,4.878840000000,0.500000000000
1335933072,5.000000000000,12.281844350000
1335934470,5.000000000000,19.868155650000
1335934470,5.000000000000,15.387486450000
1335936773,5.000000000000,4.612513550000
1335989752,4.878820000000,1.000000000000
1336033385,5.000000000000,10.000000000000
1336137455,5.044380000000,4.790000000000
1336157347,5.030000000000,10.000000000000
1336158184,5.030000000000,50.000000000000
1336161958,5.039630000000,10.000000000000
1336164655,5.000000000000,7.233371150000
1336165249,5.000000000000,5.000000000000
1336165801,5.000000000000,50.000000000000
1336166107,5.000000000000,88.500000000000
1336166150,5.000000000000,18.298036110000
1336169949,5.000000000000,0.600000000000
1336170114,5.000000000000,10.368592740000
1336174824,5.143720000000,74.878300000000
1336261210,4.970290000000,5.000000000000
1336261302,4.970030000000,4.750000000000
1336435127,5.089140000000,1.000000000000
1336481719,5.050000000000,0.100000000000
1336481934,5.106010000000,2.000000000000
1336482351,5.104930000000,2.000000000000
1336485528,5.105130000000,3.000000000000
1336485567,5.105130000000,1.034060380000
1336485567,5.105340000000,0.403439620000
1336488371,5.101900000000,0.026570490000
1336600352,4.997800000000,0.028942770000
1336600352,4.997800000000,0.028942770000
1336623665,5.036300000000,0.013494280000
1336623668,5.036640000000,0.023996600000
1336636215,5.151780000000,5.448000000000
1336636215,5.151870000000,43.419149130000
1336636215,5.183970000000,1.202290000000
1336636215,5.184380000000,3.000000000000
1336636216,5.184550000000,15.930560870000
1336663631,5.126940000000,0.018185420000
1336663785,5.120000000000,0.017816610000
1336664156,5.120000000000,0.017883470000
1336664488,5.120000000000,0.017931120000
1336667141,5.101440000000,0.012878690000
1336667237,5.101440000000,0.008242770000
1336675741,4.970140000000,0.020319960000
1336676532,4.970140000000,0.100811680000
1336676667,4.970140000000,0.443900000000
1336677168,4.970140000000,0.434968360000
1336680260,5.000000000000,3.950000000000
1336690041,5.000000000000,63.058500000000
1336740478,4.951210000000,0.028151310000
1336772548,4.960000000000,65.422848560000
1336777495,4.960000000000,0.951098790000
1336777518,4.960000000000,1.000000000000
1336779167,4.960000000000,1.004600000000
1336779190,4.960000000000,1.004600000000
1336782417,4.960000000000,5.835300000000
1336782417,4.960000000000,0.251983090000
1336782417,4.960000000000,20.685814300000
1336782538,4.960000000000,1.782500000000
1336782549,4.960000000000,63.868200000000
1336782958,4.960000000000,20.367500000000
1336783210,4.960000000000,14.191441710000
1336783214,4.960000000000,6.364865940000
1336784502,4.960000000000,10.183785500000
1336785348,4.960000000000,6.121349270000
1336785585,4.960000000000,27.050600000000
1336786220,4.960000000000,15.912200000000
1336786349,4.960000000000,12.853846760000
1336790658,4.960000000000,47.736494550000
1336796345,4.960000000000,10.410971530000
1336805910,4.966870000000,0.091134310000
1336846443,4.990000000000,0.247243960000
1336848140,4.990000000000,20.694453140000
1336873281,4.990000000000,0.873100000000
1336922477,4.990000000000,178.185202900000
1336936571,5.099760000000,0.115474060000
1337020513,4.950000000000,14.803112510000
1337020653,4.950000000000,20.092000000000
1337020949,4.950000000000,12.000000000000
1337022922,4.950000000000,2.480520390000
1337023808,4.950000000000,1.833788400000
1337024293,4.950000000000,20.854873140000
1337024485,4.950000000000,30.157549510000
1337024572,4.950000000000,0.846305170000
1337025024,4.950000000000,50.230000000000
1337025252,4.950000000000,12.334127190000
1337027205,4.950000000000,0.208585090000
1337027450,4.950000000000,0.207881870000
1337027970,4.950000000000,2.889440560000
1337028588,4.950000000000,22.013749570000
1337030082,4.950000000000,11.111111110000
1337031658,4.950000000000,35.400000000000
1337031746,4.950000000000,0.088300000000
1337032113,4.950000000000,0.367905960000
1337040622,4.950000000000,7.578520000000
1337040623,4.950000000000,3.752756040000
1337040623,4.950000000000,14.313751060000
1337040632,4.950000000000,12.596093730000
1337040632,4.950000000000,1.002438030000
1337040767,4.950000000000,14.313700000000
1337041027,4.950000000000,8.523490670000
1337061459,5.142210000000,29.385600000000
1337121312,5.050000000000,0.300000000000
1337139597,5.002040000000,10.000000000000
1337142961,5.002040000000,1.416465060000
1337145279,5.043850000000,8.913534940000
1337205873,5.060000000000,3.000000000000
1337289765,5.029850000000,12.000000000000
1337301512,5.142000000000,0.100000000000
1337369204,5.143220000000,1.000000000000
1337376416,5.200000000000,3.557065750000
1337376416,5.273720000000,7.869077230000
1337401989,5.159460000000,0.160000000000
1337422716,5.164720000000,7.000000000000
1337532408,5.110900000000,15.000000000000
1337532838,5.101640000000,10.500000000000
1337532838,5.101480000000,7.021600000000
1337533089,5.100000000000,0.010000000000
1337534577,5.100000000000,0.010000000000
1337534697,5.100000000000,74.828786460000
1337535972,5.100000000000,7.629613540000
1337536042,5.095340000000,44.873360000000
1337536371,5.095330000000,42.377860000000
1337538227,5.095330000000,12.748780000000
1337539075,5.094890000000,6.835490000000
1337539126,5.094890000000,0.002008740000
1337542025,5.092110000000,1.003400000000
1337542025,5.086680000000,2.356805360000
1337542868,5.080000000000,25.221562840000
1337543173,5.080000000000,5.870841490000
1337543347,5.080000000000,18.292900000000
1337543869,5.080000000000,10.046000000000
1337543915,5.080000000000,1.807233270000
1337545567,5.080000000000,23.485225710000
1337546597,5.070090000000,7.065000000000
1337546597,5.069540000000,7.369760000000
1337546597,5.062860000000,43.491240680000
1337546597,5.062860000000,4.000000000000
1337546597,5.060980000000,0.020907300000
1337546597,5.060880000000,5.882400000000
1337546597,5.060880000000,0.488500000000
1337546597,5.060880000000,8.186294110000
1337546597,5.060880000000,34.627030500000
1337659898,5.175990000000,22.587919190000
1337660011,5.170340000000,15.548733080000
1337660011,5.154610000000,16.162920000000
1337660011,5.154560000000,38.000000000000
1337660155,5.141480000000,12.876720720000
1337660156,5.134230000000,16.162920000000
1337660156,5.134070000000,10.960359280000
1337696752,5.138800000000,0.000223920000
1337696849,5.134070000000,2.039640720000
1337697004,5.134060000000,7.960135360000
1337743988,5.135360000000,16.162920000000
1337743988,5.134970000000,39.365068630000
1337743988,5.125860000000,4.472011370000
1337758434,5.188120000000,1.000000000000
1337791078,5.161400000000,16.162920000000
1337791283,5.161400000000,1.717000000000
1337791818,5.161400000000,8.790000000000
1337793878,5.161400000000,13.330080000000
1337879691,5.229990000000,0.463036090000
1337880312,5.223330000000,1.000000000000
1337880353,5.223330000000,1.000000000000
1337880406,5.223330000000,0.500000000000
1337880511,5.223330000000,2.000000000000
1337880511,5.229990000000,4.536963910000
1337881349,5.223330000000,1.000000000000
1337885789,5.200000000000,1.000000000000
1337887453,5.250000000000,1.000000000000
1337948437,5.400020000000,0.000033330000
1338039013,5.185490000000,1.000000000000
1338046506,5.185490000000,1.241093930000
1338058286,5.185490000000,62.782563410000
1338063760,5.185490000000,9.090900000000
1338066255,5.185490000000,5.687575750000
1338067116,5.185490000000,9.094800000000
1338067409,5.185490000000,11.103066910000
1338112623,5.361150000000,0.520000000000
1338212224,5.187760000000,9.999776080000
1338223583,5.200000000000,7.000000000000
1338337865,5.400000000000,0.030223920000
1338338388,5.410270000000,142.000000000000
1338347901,5.410270000000,34.526900000000
1338351584,5.200000000000,1.000000000000
1338351595,5.200000000000,1.000000000000
1338415127,5.209090000000,0.100000000000
1338416363,5.393910000000,0.095993440000
1338501280,5.300000000000,29.890050940000
1338501307,5.237460000000,1.450000000000
1338501307,5.217360000000,8.989600000000
1338501307,5.204790000000,37.200369460000
1338501307,5.204070000000,1.000000000000
1338501307,5.201520000000,51.360030540000
1338501324,5.201520000000,100.000000000000
1338501336,5.201520000000,6.819693950000
1338501377,5.194000000000,0.021017430000
1338501393,5.185130000000,0.978000000000
1338502531,5.206190000000,40.123100000000
1338502531,5.206190000000,0.010370000000
1338502615,5.200000000000,24.104600000000
1338502634,5.200000000000,21.000000000000
1338502637,5.200000000000,4.895400000000
1338502677,5.200020000000,122.024193830000
1338502677,5.200010000000,14.137600000000
