1317132501,6.374030000000,2.000000000000
1317378385,6.511270000000,0.010000000000
1317378387,6.511280000000,0.010000000000
1317379024,6.511280000000,0.009880360000
1317379295,6.511280000000,0.010000000000
1317379466,6.511280000000,1.022709390000
1317381368,6.511280000000,0.857290610000
1317381368,6.511280000000,0.026216040000
1318487233,5.106330000000,0.500000000000
1318936138,3.419840000000,0.742096120000
1320632965,3.831250000000,17.947145180000
1322606764,3.671910000000,18.432140400000
1322609417,3.671900000000,36.567859600000
1325284326,5.500000000000,50.000000000000
1325286665,5.500000000000,0.010000000000
1325286673,5.500000000000,1.000000000000
1325286686,5.500000000000,1.000000000000
1325287528,5.500000000000,0.010000000000
1325287534,5.500000000000,1.000000000000
1325287831,5.500000000000,46.980000000000
1325863103,8.381070000000,5.000000000000
1326199381,8.002570000000,0.010000000000
1326241552,8.112860000000,0.020000000000
1326257170,8.527590000000,0.028200000000
1326504436,8.393990000000,1.000000000000
1327541593,7.475380000000,0.021367400000
1327541593,7.491630000000,2.250000000000
1327541593,7.491850000000,0.021269400000
1327541593,7.506340000000,1.801855460000
1327541593,7.506430000000,0.025000000000
1327541593,7.507610000000,0.010000000000
1327541593,7.507610000000,0.330000000000
1327541593,7.507880000000,0.258320000000
1327541593,7.508310000000,0.021275500000
1327541594,7.509520000000,0.260912240000
1328231924,7.337890000000,16.929934890000
1328615610,6.741790000000,0.500000000000
1328633651,6.760320000000,0.495600000000
1328922689,7.204990000000,3.978248600000
1328941784,7.204990000000,7.360000000000
1328942008,7.204990000000,3.740000000000
1328944733,7.350910000000,2.000000000000
1328944733,7.357040000000,20.000000000000
1328944733,7.357040000000,1.000000000000
1328944733,7.357040000000,10.000000000000
1328944734,7.357040000000,1.000000000000
1328944734,7.357040000000,20.000000000000
1328944734,7.357040000000,0.100000000000
1328944734,7.357040000000,35.900000000000
1328944747,7.357040000000,0.000473110000
1328944747,7.357040000000,7.874526890000
1329458881,5.634530000000,0.006010870000
1329458881,5.634550000000,15.455000000000
1329458881,5.634670000000,4.538989130000
1329598457,5.200270000000,12.000000000000
1329598469,5.207190000000,0.153000000000
1329598469,5.207370000000,11.847000000000
1329598514,5.207370000000,9.053000000000
1329598514,5.219620000000,18.992662300000
1330537135,5.951330000000,84.500000000000
1331174505,6.227240000000,0.594000000000
1331174514,6.227240000000,0.010000000000
1331174539,6.227240000000,10.000000000000
1331174541,6.227240000000,3.000000000000
1331174553,6.227240000000,5.600000000000
1331174561,6.227240000000,0.000335620000
1333099556,5.980000000000,31.980000000000
1333099582,5.980000000000,49.020000000000
1335431746,6.414490000000,0.030000000000
1335431746,6.414520000000,15.971198150000
1335532752,6.193430000000,1.000000000000
1335889165,6.190000000000,28.644588040000
1335933071,6.342870000000,0.506130000000
1335933071,6.343500000000,0.020287380000
1335933071,6.343500000000,1.322384470000
1335933072,6.343500000000,3.677615530000
1335933072,6.343500000000,1.000000000000
1335933072,6.359360000000,0.020379830000
1335933072,6.362130000000,0.020160290000
1335933072,6.363330000000,5.000000000000
1335933072,6.367470000000,12.281844350000
1335992422,6.343500000000,0.020412010000
1335992764,6.343500000000,1.680731450000
1336557044,6.396740000000,0.390000000000
1336592536,6.548020000000,0.378700000000
1336600370,6.342060000000,0.028942770000
1336600370,6.342060000000,0.028942770000
1336667141,6.476020000000,0.018185420000
1336701095,6.330480000000,0.026840650000
1336712322,6.301440000000,0.028645940000
1336712325,6.270090000000,0.037624650000
1336740477,6.280900000000,0.028151310000
1336781257,6.234780000000,0.012660000000
1336781257,6.234780000000,1.987340000000
1336781267,6.234780000000,10.584320000000
1336781267,6.234520000000,8.273590000000
1336781267,6.230120000000,10.000000000000
1336781267,6.226710000000,0.028246050000
1336781267,6.219340000000,0.029851220000
1336781267,6.202620000000,9.979360000000
1336781267,6.197470000000,7.158870000000
1336781267,6.188790000000,6.615480000000
1336781267,6.188790000000,0.937190000000
1336781267,6.182660000000,21.942600000000
1336781267,6.181060000000,9.083740000000
1336781267,6.178890000000,0.019511760000
1336781267,6.175300000000,30.000000000000
1336781267,6.175040000000,0.101021220000
1336781268,6.172770000000,133.246219750000
1336787327,6.231700000000,57.481260000000
1336787328,6.202040000000,87.430210000000
1336787328,6.201700000000,7.158870000000
1336787328,6.199820000000,69.332160000000
1336787328,6.195350000000,6.002860000000
1336787328,6.194880000000,1.708000000000
1336787328,6.188550000000,232.202660250000
1336787328,6.180800000000,7.219740000000
1336787328,6.180250000000,22.010400000000
1336787328,6.178640000000,0.029014450000
1336787328,6.175040000000,0.022343690000
1336787328,6.172470000000,39.402481610000
1336806158,6.303870000000,0.091134310000
1336891906,6.257550000000,2.572430000000
1336891906,6.233040000000,1.767670000000
1336891906,6.233040000000,2.123800000000
1336891906,6.233040000000,0.013310000000
1336891906,6.232720000000,7.123020000000
1336891906,6.225560000000,3.102780000000
1336891906,6.203140000000,3.296990000000
1336936636,6.464850000000,0.088394930000
1337177686,6.474750000000,1.000000000000
1337419967,6.906410000000,18.574700000000
1337651305,6.734640000000,20.000000000000
1337653464,6.694200000000,2.500000000000
1337668443,6.648850000000,7.000000000000
1337838262,6.981290000000,1.017420000000
1337838262,6.982110000000,0.250000000000
1337838262,6.983860000000,0.031660000000
1337838262,6.984590000000,18.400920000000
1339737594,7.771830000000,0.010000000000
1339737707,7.771830000000,0.010000000000
1339737707,7.771830000000,0.010000000000
1339737707,7.771830000000,0.010000000000
1339737707,7.771830000000,0.010000000000
1339737757,7.771830000000,5.550000000000
1339754514,7.844280000000,1.000000000000
1340759238,8.088530000000,1.000000000000
1342207353,9.882210000000,94.000000000000
1342335169,9.504930000000,5.293174140000
1342345841,9.504930000000,5.706825860000
1342505907,9.540000000000,67.508385740000
1342760953,9.813680000000,39.095400000000
1342936152,10.942690000000,0.260729170000
1342936152,10.942280000000,3.444236430000
1342936152,10.938800000000,3.458283260000
1342936152,10.912120000000,1.261530000000
1342936152,10.911740000000,3.567936150000
1342936152,10.871030000000,1.643700000000
1342936152,10.870480000000,3.736200130000
1342936152,10.851570000000,2.144100000000
1342936152,10.833900000000,0.020526470000
1342936152,10.821490000000,0.020529360000
1342936152,10.819010000000,3.929890070000
1342936152,10.809080000000,0.020478680000
1342936152,10.796670000000,0.020480180000
1342936152,10.796060000000,2.801660000000
1342936152,10.784260000000,0.020481560000
1342936153,10.783480000000,10.000000000000
1342936153,10.783480000000,4.830000000000
1342936153,10.776100000000,2.371320000000
1342936153,10.771850000000,0.020482850000
1342936153,10.771300000000,9.990000000000
1342936153,10.771300000000,4.000000000000
1342936153,10.771300000000,8.330000000000
1342936153,10.767580000000,3.077860000000
1342936153,10.766830000000,0.907852630000
1342936154,10.762520000000,10.000000000000
1342936154,10.762520000000,5.000000000000
1342936154,10.762040000000,0.020661110000
1342936154,10.760330000000,15.530000000000
1342936154,10.759440000000,0.020484130000
1342936154,10.759110000000,29.550577820000
1343260405,11.000000000000,5.000000000000
1343565699,11.193700000000,1.130000000000
1343565805,11.193720000000,4.010000000000
1344234277,13.563680000000,18.662112000000
1344234278,13.607620000000,0.059440000000
1344234278,13.607620000000,0.349940000000
1344234278,13.607640000000,1.785208000000
1344268066,13.792400000000,8.900000000000
1344268334,13.792400000000,1.000000000000
1344597227,13.712090000000,4.503070000000
1344597228,13.674080000000,0.496930000000
1344665606,14.437000000000,0.339369460000
1344665606,14.437000000000,0.148280000000
1344665606,14.437000000000,3.271550000000
1344665606,14.437000000000,0.132440540000
1344665606,14.437000000000,0.012560000000
1344665606,14.437640000000,6.095800000000
1344682534,14.341730000000,0.905083600000
1344682534,14.389680000000,1.921010000000
1344682534,14.389680000000,0.024480000000
1344682534,14.391010000000,0.491931950000
1344682534,14.395670000000,5.000000000000
1344682534,14.417610000000,0.140000000000
1344682534,14.437000000000,2.529140000000
1344682535,14.437640000000,0.144654450000
1344682544,14.437640000000,1.307884800000
1345065257,15.807200000000,3.500000000000
1345065257,15.725040000000,24.500000000000
1346905266,13.500000000000,47.259300000000
1346984399,14.251110000000,11.591752570000
1346984399,14.251120000000,22.338220430000
1346994164,13.690650000000,14.000000000000
1347582658,13.647250000000,0.035000000000
1347621352,13.950000000000,0.019159520000
1347663964,14.043810000000,0.024052280000
1347670739,13.975770000000,0.400171090000
1347685508,13.952800000000,0.010775760000
1347699027,13.950000000000,0.010772960000
1347740426,13.930000000000,0.052117260000
1347767849,14.072610000000,1.000000000000
1347783752,14.049000000000,0.010000000000
1347783753,14.049000000000,0.010000000000
1347783809,14.049000000000,0.007921770000
1347812049,13.977700000000,0.010800000000
1347830868,14.025500000000,0.025624680000
1347961509,14.224320000000,0.096642040000
1347979823,14.482160000000,0.115340040000
1347979823,14.740870000000,11.691967860000
1347979823,14.747680000000,0.080000000000
1347979823,14.769820000000,6.027835130000
1348030670,14.822930000000,0.017509580000
1348045699,15.318870000000,0.009795100000
1348085534,14.770000000000,0.029841970000
1348385576,14.770000000000,0.029841970000
1348550573,14.742850000000,0.035032070000
1348550579,14.742850000000,0.035033750000
1348550589,14.742850000000,0.034873220000
1348550600,14.742850000000,0.034791520000
1348550611,14.742850000000,0.034711930000
1348550620,14.742850000000,0.007089680000
1348590889,14.742850000000,0.002910320000
1348632033,14.312310000000,0.914750000000
1348632033,14.312310000000,0.085450000000
1348690513,14.530010000000,0.033604240000
1348690519,14.530010000000,0.033604240000
1348690545,14.530010000000,0.023000000000
1348690630,14.530010000000,0.244299480000
1348690631,14.530010000000,21.795492040000
1349175223,15.020500000000,0.023350180000
1349294429,15.425590000000,0.011508180000
1349294440,15.425590000000,0.011508890000
1349294445,15.425590000000,0.011507670000
1349294471,15.425590000000,0.011428190000
1349294473,15.425590000000,0.011427490000
1349294482,15.425590000000,0.011427490000
1349294493,15.425590000000,0.011349680000
1349294502,15.425590000000,0.011322820000
1349294513,15.425590000000,0.011296980000
1349294523,15.425590000000,0.011271130000
1349294529,15.425590000000,0.011245290000
1349294533,15.425590000000,0.011238250000
1349294544,15.425590000000,0.011238250000
1349294546,15.425590000000,0.011225600000
1349294556,15.425590000000,0.011122400000
1349294558,15.425590000000,0.011122400000
1349294565,15.425590000000,0.011083920000
1349294575,15.425590000000,0.011058420000
1349294586,15.425590000000,0.011031790000
1349294597,15.425590000000,0.011006610000
1349294606,15.425590000000,0.010981430000
1349294616,15.425590000000,0.010956250000
1349294627,15.425590000000,0.010913720000
1349294637,15.425590000000,0.010888630000
1349294647,15.425590000000,0.010863810000
1349294657,15.425590000000,0.010839660000
1349294667,15.425590000000,0.010813810000
1349294677,15.425590000000,0.010788990000
1349294688,15.425590000000,0.010763520000
1349294698,15.425590000000,0.010737060000
1349294700,15.425590000000,0.010737720000
1349294702,15.425590000000,0.010737720000
1349294709,15.425590000000,0.010664620000
1349294720,15.425590000000,0.010640130000
1349294730,15.425590000000,0.010615960000
1349294739,15.425590000000,0.010591790000
1349294750,15.425590000000,0.010566130000
1349294760,15.425590000000,0.010542610000
1349294774,15.425590000000,0.010516610000
1349294781,15.425590000000,0.010493090000
1349294790,15.425590000000,0.005788620000
1349294802,15.509290000000,0.001460000000
1349335396,15.332980000000,0.267427460000
1349349892,15.788310000000,0.250000000000
1349443410,15.621930000000,0.019326030000
1349554428,15.488000000000,23.502100000000
1349684298,13.237610000000,0.011295510000
1349719635,13.558990000000,1.000000000000
1349723467,13.622740000000,0.021453060000
1349750354,14.505710000000,0.020759410000
1349775736,14.883790000000,0.019398200000
1349780451,15.086190000000,1.000000000000
1349780622,15.086190000000,1.645000000000
1349780962,15.086190000000,2.255600000000
1349780962,15.086190000000,0.017000000000
1349783744,15.086190000000,10.000000000000
1349785849,15.086190000000,0.030000000000
1349786016,15.086190000000,0.371074610000
1349786272,15.086190000000,0.039125390000
1349839913,14.891710000000,0.190119270000
1349839913,14.950030000000,7.390700600000
1349839913,14.950030000000,6.419180130000
1349927995,14.803620000000,0.049768080000
1350210785,14.351630000000,0.661891390000
1350321212,14.232670000000,0.598787210000
1350349326,14.556920000000,0.023002380000
1350506738,14.796030000000,0.043849610000
1350506850,14.938270000000,0.586200000000
1350530239,14.903620000000,20.250000000000
1350880921,14.525010000000,0.010000000000
1350880921,14.568370000000,0.075971700000
1350880921,14.589730000000,0.133700000000
1350880921,14.589730000000,0.133700000000
1350880921,14.589730000000,0.133700000000
1350880921,14.589730000000,0.133700000000
1350880921,14.589730000000,0.133700000000
1350880922,14.589730000000,0.133700000000
1350880922,14.590050000000,0.133700000000
1350880922,14.590050000000,0.133700000000
1350880922,14.590050000000,0.133700000000
1350880922,14.592830000000,0.133700000000
1350880922,14.592830000000,0.133700000000
1350880922,14.592830000000,0.133700000000
1350880922,14.592830000000,0.133700000000
1350880922,14.595270000000,0.133700000000
1350880922,14.595270000000,0.133700000000
1350880922,14.595270000000,0.133700000000
1350880922,14.595270000000,0.133700000000
1350880922,14.595270000000,0.133700000000
1350880922,14.595270000000,0.133700000000
1350880922,14.596580000000,0.133700000000
1350880923,14.596580000000,0.133700000000
1350880923,14.597880000000,0.133700000000
1350880923,14.598700000000,0.133700000000
1350880923,14.600820000000,0.133700000000
1350880923,14.600820000000,0.133700000000
1350880923,14.600820000000,0.133700000000
1350880923,14.600820000000,0.133700000000
1350880923,14.600820000000,0.133700000000
1350880923,14.600820000000,0.133700000000
1350880923,14.600820000000,0.133700000000
1350880923,14.601840000000,4.000000000000
1350880923,14.614030000000,0.133700000000
1350880923,14.614030000000,0.133700000000
1350880923,14.614030000000,0.133700000000
1350880923,14.614030000000,0.133700000000
1350880924,14.614030000000,0.133700000000
1350880924,14.614030000000,0.133700000000
1350880924,14.614030000000,0.133700000000
1350880924,14.614030000000,0.133700000000
1350880924,14.614030000000,0.133700000000
1350880924,14.614030000000,0.133700000000
1350880924,14.614030000000,0.133700000000
1350880924,14.614030000000,0.133700000000
1350880924,14.619250000000,0.133700000000
1350880924,14.619570000000,0.133700000000
1350880924,14.622340000000,0.133700000000
1350880924,14.636040000000,0.286905770000
1350880924,14.636040000000,0.446900000000
1350880924,14.636040000000,0.442400000000
1350880924,14.636040000000,0.438000000000
1350880924,14.636040000000,0.433600000000
1350880925,14.636040000000,0.429300000000
1350880925,14.636040000000,0.425000000000
1350880925,14.636210000000,0.293800000000
1350880925,14.636210000000,0.044724690000
1351063107,14.399900000000,0.128939400000
1351068572,14.754320000000,53.140368380000
1351155433,14.127010000000,0.440915410000
1351163794,13.806320000000,0.096232880000
1351163833,13.806320000000,0.096232880000
1351163861,13.806320000000,0.096232880000
1351164090,13.806320000000,0.157874120000
1351175058,13.619910000000,0.203009960000
1351175064,13.619910000000,0.203009960000
1351175097,13.619910000000,0.047683320000
1351203372,12.868830000000,0.381000000000
1351236900,13.315930000000,0.365997710000
1351272047,12.855960000000,0.480079230000
1351318885,12.568640000000,0.654267930000
1351350472,12.991950000000,0.053061640000
1351385049,13.026280000000,3.138815310000
1351385137,13.040390000000,0.000560000000
1351385188,13.040390000000,0.000160000000
1351385223,13.040390000000,0.000080000000
1351385339,13.040390000000,9.999200000000
1351385457,13.035040000000,69.300000000000
1351721400,13.302100000000,0.024935170000
1351845099,13.196240000000,1.656256430000
1351845099,13.196250000000,87.915939250000
1351845355,13.196250000000,46.000000000000
1351845485,13.196250000000,0.009940000000
1351845612,13.196250000000,54.417864320000
1352928791,13.222130000000,0.090000000000
1352959447,13.661240000000,0.014220360000
1353024209,13.774370000000,0.058736770000
1353065639,14.084060000000,0.256025620000
1353065645,14.084060000000,0.255401940000
1353065646,14.084060000000,0.255401940000
1353070928,14.084060000000,0.151759240000
1353070938,14.084060000000,0.081411260000
1353098707,14.380000000000,0.248005830000
1353115793,14.456570000000,0.763204410000
1353204497,14.614790000000,8.306361000000
1353204497,14.671730000000,3.684500000000
1353204497,14.675940000000,10.776432710000
1353400591,14.438570000000,0.077733630000
1353412887,14.500000000000,0.700000000000
1353468347,14.646600000000,1.220707930000
1353469837,14.684070000000,0.068200000000
1353469837,14.684070000000,0.363100000000
1353469837,14.684070000000,0.359500000000
1353469837,14.684070000000,0.355900000000
1353469837,14.684070000000,0.352300000000
1353469837,14.684070000000,0.348800000000
1353469837,14.684070000000,0.345300000000
1353469837,14.684070000000,0.341900000000
1353469837,14.684070000000,0.338400000000
1353469837,14.684070000000,0.335100000000
1353469837,14.684070000000,0.331700000000
1353469837,14.701260000000,31.459800000000
1353485914,14.759820000000,23.000000000000
1353485914,14.772090000000,27.000000000000
1353578588,14.785830000000,0.010488010000
1353624675,15.222920000000,0.133700000000
1353624675,15.247130000000,5.353100000000
1353624675,15.250350000000,0.133700000000
1353624675,15.254830000000,24.379500000000
1353629242,15.301770000000,0.010300830000
1353629249,15.311660000000,0.066957460000
1353894033,15.248180000000,0.110504060000
1353968701,15.045920000000,0.575912470000
1354083571,15.057040000000,0.063036450000
1354103899,15.057040000000,0.031039170000
1354103905,15.057040000000,0.027918800000
1354103912,15.057040000000,0.004078480000
1354109958,15.057040000000,0.021033650000
1354190082,15.342860000000,0.287709250000
1354382196,15.372560000000,0.098487080000
1354590732,15.440950000000,0.016479040000
1354663550,16.176150000000,0.105849970000
1354663633,16.176150000000,0.084954460000
1354667646,16.249520000000,0.014982450000
1354668548,16.249520000000,10.000100000000
1354668741,16.249520000000,0.804660260000
1354837242,16.261580000000,0.010000000000
1354864225,16.021340000000,0.254111000000
1355025265,16.267150000000,0.181700000000
1355025265,16.267310000000,0.182700000000
1355025265,16.267310000000,0.182500000000
1355025265,16.267310000000,0.182300000000
1355025265,16.267310000000,0.182100000000
1355025265,16.267310000000,0.181900000000
1355025265,16.267630000000,0.183800000000
1355025265,16.267630000000,0.183600000000
1355025266,16.267630000000,0.183400000000
1355025266,16.267630000000,0.183200000000
1355025266,16.267630000000,0.183000000000
1355025266,16.267630000000,0.182800000000
1355025266,16.268900000000,0.186500000000
1355025266,16.268900000000,0.186300000000
1355025266,16.268900000000,0.186200000000
1355025266,16.268900000000,0.186000000000
1355025266,16.268900000000,0.185800000000
1355025266,16.268900000000,0.185600000000
1355025266,16.268900000000,0.185400000000
1355025267,16.268900000000,0.185200000000
1355025267,16.268900000000,0.185000000000
1355025267,16.268900000000,0.184900000000
1355025267,16.268900000000,0.184700000000
1355025267,16.268900000000,0.184500000000
1355025267,16.268900000000,0.180500000000
1355179707,16.209920000000,0.281740440000
1355510982,16.209920000000,0.165744910000
1355511143,16.209920000000,0.115995530000
1355587381,16.490000000000,5.000200000000
1355587903,16.490000000000,0.010000000000
1355588000,16.490000000000,0.010000000000
1355588760,16.490000000000,0.010000000000
1355588838,16.490000000000,0.010000000000
1355588858,16.490000000000,0.010000000000
1355588938,16.490000000000,0.010000000000
1355588945,16.490000000000,0.010000000000
1355589062,16.490000000000,0.010000000000
1355589459,16.490000000000,14.919800000000
1355629666,15.993720000000,10.899524500000
1355718794,16.110000000000,7.000000000000
1355735998,15.750000000000,20.000000000000
1355736029,15.710000000000,20.000000000000
1355743515,15.733140000000,0.096708720000
1355743734,15.794350000000,15.689676620000
1355743804,15.800000000000,0.010790000000
1355743818,15.800000000000,4.000000000000
1355744024,15.793370000000,0.010000000000
1355744025,15.827540000000,0.378400000000
1355744075,15.838730000000,40.000000000000
1355744120,15.827550000000,0.010000000000
1355744210,15.797030000000,0.010000000000
1355744210,15.838730000000,1.988620930000
1355745220,15.799450000000,0.010000000000
1355745221,15.838730000000,11.659500000000
1355885518,16.103530000000,0.271357800000
1355885518,16.248810000000,7.147611420000
1355964438,16.248820000000,0.102286580000
1355973018,16.240350000000,0.016772860000
1356129047,16.263110000000,0.444381120000
1356320135,16.055490000000,0.195800000000
1356790408,16.116040000000,0.010432220000
1356790408,16.114520000000,7.075960340000
1356790408,16.091820000000,0.010177030000
1356790408,16.084840000000,5.940100000000
1356790408,16.084840000000,5.000000000000
1356790408,16.079060000000,74.798710000000
1356790408,16.059420000000,0.010447980000
1356790417,16.055490000000,0.097002610000
1356790809,16.055490000000,101.872800000000
1356790810,16.055490000000,0.431330160000
1356791127,16.055490000000,0.097002610000
1356791578,16.055490000000,4.656037050000
1357296538,16.419310000000,1.000000000000
1357299054,16.419310000000,0.940356200000
1357335249,16.221210000000,11.878867190000
1357399073,16.221210000000,18.121132810000
1357520131,16.211110000000,13.605087550000
1357520351,16.211110000000,4.698379000000
1357520609,16.443590000000,0.104773350000
1357520654,16.606180000000,2.000000000000
1357520654,16.606180000000,0.019706550000
1357520788,16.638580000000,15.566200000000
1357520802,16.638580000000,0.056978420000
1357632056,16.531570000000,0.272709650000
1357632117,16.531570000000,0.007918960000
1357634985,16.849360000000,12.000000000000
1357675369,16.706410000000,0.116102770000
1357680511,16.716000000000,14.123739770000
1357680908,16.716000000000,0.994000000000
1357690512,16.716000000000,14.766157460000
1357809999,17.025200000000,7.672051450000
1357809999,17.025210000000,0.563399990000
1357809999,17.037440000000,0.100000000000
1357809999,17.037440000000,0.200000000000
1357809999,17.042010000000,6.000000000000
1357809999,17.049660000000,0.737280000000
1357809999,17.049670000000,12.727268560000
1357810377,17.049620000000,0.700000000000
1357810423,17.049620000000,0.040000000000
1357924309,17.016890000000,0.013690000000
1357936519,17.151850000000,0.318433550000
1357936520,17.151850000000,0.318433550000
1357936522,17.151850000000,0.000003490000
1358327269,17.265780000000,0.039157600000
1358327899,17.677230000000,20.000000000000
1358458158,18.214940000000,0.011000000000
1358461101,18.444020000000,0.012772500000
1358461107,18.444020000000,0.008060670000
1358467008,18.444020000000,0.004711060000
1358500070,18.711230000000,0.010000000000
1358500224,18.711230000000,0.250000000000
1358501557,18.511230000000,0.010000000000
1358581707,18.478200000000,0.010000000000
1358705961,19.080690000000,3.000000000000
1358705961,19.100390000000,0.300000000000
1358705961,19.104330000000,8.514500000000
1358705962,19.104770000000,0.017994360000
1358705962,19.106880000000,38.167505640000
1358712955,18.941940000000,2.345771610000
1358712955,18.941960000000,7.654228390000
1358713055,18.941960000000,40.000000000000
1358713297,18.941960000000,40.000000000000
1358783784,20.091720000000,0.093218120000
1358858657,20.619830000000,0.651048670000
1358928310,20.036350000000,4.488126830000
1358928310,20.036350000000,0.397676620000
1358928310,20.024690000000,45.114196550000
1358937005,20.769060000000,0.010900000000
1358937054,20.907720000000,0.016680170000
1358937070,20.929590000000,9.258770470000
1359053382,21.601840000000,0.189457910000
1359109864,19.998470000000,0.036182180000
1359366240,21.755250000000,0.015032840000
1359366251,21.755250000000,0.012026270000
1359366251,21.755250000000,0.010823640000
1359367044,21.755250000000,0.076750690000
1359450608,23.333270000000,0.047177560000
1359529585,23.865240000000,124.000000000000
1359622635,24.066860000000,0.016418010000
1359647506,25.000980000000,0.011136490000
1359794992,22.930540000000,1.453100000000
1359794992,23.017110000000,6.750000000000
1359794992,23.017110000000,4.822000000000
1359794992,23.299040000000,6.974900000000
1359795482,23.292940000000,0.400000000000
1359921439,23.882750000000,0.300100000000
1359947297,24.261060000000,0.691263770000
1360122744,24.797730000000,0.018710100000
1360217646,25.844070000000,0.275661300000
1360310004,26.717290000000,5.000000000000
1360310004,26.698910000000,5.000000000000
1360310004,26.698620000000,10.611314260000
1360310004,26.680540000000,5.000000000000
1360310005,26.662170000000,5.000000000000
1360310005,26.657990000000,5.021530000000
1360310005,26.643790000000,5.000000000000
1360310005,26.638410000000,8.967155740000
1360578004,28.552920000000,0.394144460000
1360667012,30.669320000000,0.019411440000
1360706807,30.471130000000,0.196700090000
1360738830,31.002120000000,4.640651440000
1360738830,31.002130000000,3.956495950000
1360738831,31.084040000000,10.304328840000
1360804202,27.874720000000,0.107667410000
1360804275,27.874720000000,0.892332590000
1360804604,28.923230000000,0.012147950000
1360805689,28.763780000000,0.184829940000
1360805768,28.951710000000,0.628405030000
1360807363,28.951710000000,0.020622250000
1360807601,28.951710000000,0.235766430000
1360930225,31.419260000000,0.695179990000
1360939551,31.419260000000,1.304820010000
1361197448,32.130750000000,29.000000000000
1361197517,32.130750000000,0.629560460000
1361287485,34.319270000000,0.550121630000
1361287485,34.396480000000,2.137028190000
1361288459,34.396480000000,0.260000000000
1361288471,34.396480000000,5.000000000000
1361289715,34.396480000000,10.000000000000
1361289910,34.396480000000,10.000000000000
1361294806,34.396480000000,0.499500000000
1361316420,35.578660000000,10.000000000000
1361316574,35.689390000000,0.017790000000
1361316574,35.694000000000,29.982210000000
1361399787,35.796180000000,0.039352560000
1361399915,36.098360000000,19.279351480000
1361399915,36.160210000000,8.608529090000
1361525792,36.457670000000,0.111658020000
1361525836,37.217210000000,13.000000000000
1361589686,36.451760000000,1.000000000000
1361589686,36.452000000000,9.000000000000
1361589693,36.452000000000,10.000000000000
1361589703,36.452000000000,10.000000000000
1361589828,36.286380000000,10.000000000000
1361591120,35.594530000000,30.000000000000
1361591162,35.595750000000,9.776716480000
1361591162,35.691160000000,15.223283520000
1361591324,35.074610000000,0.325008160000
1361591334,35.000000000000,20.000000000000
1361591789,35.000000000000,11.000000000000
1361591858,35.447740000000,30.000000000000
1361593572,35.447740000000,30.000000000000
1361593591,35.200000000000,12.477809760000
1361593622,35.200000000000,17.522190240000
1361593624,35.100000000000,22.481450140000
1361866093,36.513140000000,0.092265240000
1361884269,38.422710000000,0.250000000000
1361884269,38.423950000000,0.100000000000
1361884270,38.431860000000,0.250000000000
1361884270,38.492840000000,0.250000000000
1361884270,38.499350000000,2.501540000000
1361884270,38.505360000000,1.200000000000
1361884270,38.519890000000,4.998380000000
1361884270,38.544560000000,1.000000000000
1361884270,38.544560000000,20.000000000000
1361884270,38.544560000000,20.000000000000
1361884271,38.544680000000,13.074765180000
1362081967,40.967840000000,0.233551000000
1362082209,40.967840000000,0.014286000000
1362082216,40.967840000000,0.219078240000
1362082369,38.563310000000,0.515025460000
1362082490,38.563310000000,0.020972400000
1362082490,38.563310000000,0.535997860000
1362133428,41.341200000000,0.034702970000
1362134287,41.341200000000,0.164732080000
1362407741,43.265100000000,0.021865050000
1362454878,44.995980000000,0.013565510000
1362475760,48.761450000000,2.000000000000
1362476738,48.614170000000,20.981500000000
1362510138,48.610000000000,0.078867160000
1362510197,48.610000000000,0.070980440000
1362510269,48.610000000000,0.080112900000
1362510292,48.610000000000,0.080112900000
1362510300,48.610000000000,0.056079030000
1362510312,48.610000000000,0.056079030000
1362510316,48.610000000000,0.042479270000
1362510325,48.610000000000,0.036871370000
1362510335,48.610000000000,0.028936300000
1362510345,48.610000000000,0.026042670000
1362510357,48.610000000000,0.023438400000
1362510366,48.610000000000,0.023438400000
1362510376,48.610000000000,0.018750720000
1362510388,48.610000000000,0.016875650000
1362510399,48.610000000000,0.016875650000
1362510407,48.610000000000,0.015188090000
1362512533,48.610000000000,0.054740880000
1362512542,48.610000000000,0.048571670000
1362512552,48.610000000000,0.037623490000
1362512559,48.610000000000,0.027909160000
1362512561,48.610000000000,0.020384460000
1362512574,48.610000000000,0.017593540000
1362512643,48.610000000000,0.013795740000
1362512645,48.610000000000,0.013795740000
1362512654,48.610000000000,0.012416170000
1362512718,48.610000000000,0.109294980000
1362512722,48.610000000000,0.109294980000
1362512727,48.610000000000,0.098365480000
1362512794,48.610000000000,0.119589490000
1362512796,48.610000000000,0.119589490000
1362512800,48.610000000000,0.100405330000
1362512801,48.610000000000,0.088446380000
1362512936,48.610000000000,0.033940560000
1362512946,48.610000000000,0.030546510000
1362512952,48.610000000000,0.027491860000
1362512959,48.610000000000,0.024742670000
1362512963,48.610000000000,0.024742670000
1362512973,48.610000000000,0.019794140000
1362512982,48.610000000000,0.017814720000
1362512994,48.610000000000,0.016033250000
1362512996,48.610000000000,0.016033250000
1362513006,48.610000000000,0.012826600000
1362513026,48.610000000000,0.011543940000
1362513042,48.610000000000,0.011543940000
1362513045,48.610000000000,0.010389550000
1362513826,48.610000000000,24.800000000000
1362514577,48.610000000000,3.479111380000
1362520473,48.610000000000,0.198878490000
1362537694,51.056360000000,0.082459720000
1362539352,52.773370000000,0.172004480000
1362539469,53.277840000000,0.172004480000
1362539469,53.277840000000,0.164754030000
1362541975,52.504590000000,1.000000000000
1362543754,53.303220000000,0.050000000000
1362543756,53.303220000000,0.810000000000
1362543769,53.303220000000,0.140000000000
1362552997,54.126200000000,0.026678450000
1362553726,55.348580000000,0.200000000000
1362568850,57.393940000000,0.560000000000
1362602857,55.873150000000,1.000000000000
1362613400,53.000000000000,0.008003960000
1362636020,50.084870000000,0.397470530000
1362636024,50.145500000000,0.397470530000
1362636025,50.145500000000,0.397470530000
1362645339,51.723310000000,0.040119570000
1362698293,51.005840000000,1.294256930000
1362714916,51.976790000000,0.212298800000
1362714916,52.830000000000,0.075700000000
1362714916,52.857030000000,1.333126170000
1362714916,53.016090000000,2.547762400000
1362714916,53.144540000000,0.107528640000
1362714916,53.144540000000,0.107528640000
1362714916,53.189300000000,5.616055350000
1362716930,52.519360000000,25.000000000000
1362716930,52.551550000000,2.048400000000
1362751090,52.342990000000,0.738213820000
1362761391,53.185080000000,0.114034480000
1362817242,53.785980000000,0.044081640000
1362843645,56.117590000000,0.070837500000
1362872794,54.976530000000,0.065000000000
1363051118,56.165650000000,0.358860730000
1363051118,56.165650000000,0.358904480000
1363051118,56.165650000000,0.016789440000
1363057795,51.064250000000,0.953000000000
1363057943,51.064250000000,4.047000000000
1363062227,54.884280000000,1.000000000000
1363064166,55.495490000000,1.850000000000
1363067583,57.656010000000,1.698267180000
1363087499,52.010000000000,6.769851950000
1363120337,55.146470000000,0.317662240000
1363121714,56.165650000000,0.310338610000
1363124872,54.319840000000,0.038000000000
1363138561,54.491340000000,0.629675980000
1363138563,55.856730000000,0.358970110000
1363138563,55.856730000000,0.252488100000
1363142918,54.691300000000,0.239000000000
1363153077,54.322420000000,0.010000000000
1363193163,56.728700000000,0.097405760000
1363214050,57.718620000000,0.030438770000
1363214354,57.718620000000,0.030438770000
1363246428,58.325290000000,0.031987040000
1363246435,58.325290000000,0.031987040000
1363246438,58.325290000000,0.031913570000
1363246454,58.325290000000,0.031765980000
1363246463,58.325290000000,0.031691080000
1363246465,58.325290000000,0.031691080000
1363246474,58.325290000000,0.031545520000
1363246486,58.325290000000,0.031474590000
1363246488,58.325290000000,0.026548670000
1363247952,58.325290000000,0.031402320000
1363248052,57.102270000000,1.000000000000
1363251726,57.873030000000,0.202798380000
1363255173,59.091720000000,0.983000000000
1363268285,59.308620000000,10.000000000000
1363305563,58.293040000000,0.010188390000
1363305563,58.364650000000,9.724989720000
1363305563,58.364650000000,34.000000000000
1363305563,58.389490000000,0.500000000000
1363305563,58.501280000000,5.764921890000
1363305592,58.416180000000,0.010000000000
1363305592,58.501280000000,18.905110910000
1363305592,58.508050000000,0.204660000000
1363305592,58.525780000000,0.014660000000
1363305592,58.542670000000,1.000000000000
1363305592,58.544260000000,0.040825880000
1363305592,58.563380000000,0.013990320000
1363305593,58.563380000000,5.000000000000
1363305593,58.565860000000,3.000000000000
1363305593,58.570440000000,0.304080000000
1363305593,58.570440000000,0.061410000000
1363305593,58.570440000000,0.237000000000
1363305593,58.570440000000,0.014620000000
1363305593,58.570440000000,0.124770000000
1363305593,58.573810000000,1.490000000000
1363305593,58.578660000000,0.104510000000
1363305593,58.586460000000,0.020440000000
1363305593,58.587720000000,19.454022890000
1363305605,58.418430000000,2.000000000000
1363305606,58.573860000000,1.490000000000
1363305607,58.586480000000,46.510100000000
1363305634,58.594430000000,7.142169310000
1363421911,56.109450000000,0.271245970000
1363600216,58.649540000000,0.029261420000
1363601443,59.112560000000,8.000000000000
1363603545,59.300750000000,0.967558640000
1363603545,59.300790000000,0.134000000000
1363603545,59.407490000000,0.500000000000
1363603546,59.407500000000,5.179441360000
1363648630,59.236950000000,0.019972700000
1363665252,63.000000000000,7.500000000000
1363683699,63.826480000000,0.041552420000
1363683709,63.826480000000,0.041455260000
1363683723,63.826480000000,0.041366330000
1363683726,63.826480000000,0.041366330000
1363683726,63.826480000000,0.001275410000
1363703920,66.955190000000,0.019666710000
1363703931,66.955190000000,0.059939960000
1363710402,68.662650000000,0.076540360000
1363719936,68.036200000000,0.368836920000
1363720120,69.480440000000,6.709500000000
1363720205,69.480440000000,0.050172240000
1363731870,72.114770000000,0.500000000000
1363771039,71.792280000000,0.057643600000
1363828267,78.214420000000,0.206225570000
1363855016,80.768460000000,0.026980130000
1363855016,82.127430000000,4.794267390000
1363855215,82.127400000000,0.016944870000
1363855220,82.127420000000,0.983055130000
1363881766,84.514080000000,0.504256280000
1363881766,83.783530000000,0.160438320000
1363881815,83.783530000000,0.664694600000
1363881855,83.783530000000,0.664694600000
1363881996,83.783530000000,0.015415870000
1363881996,83.690440000000,0.649278730000
1363884996,87.175120000000,0.151560620000
1363895362,89.539770000000,1.000000000000
1363898312,90.810590000000,1.000000000000
1363903579,90.936780000000,1.662505870000
1363903580,90.936790000000,0.228478150000
1363909981,88.301160000000,4.000000000000
1363932250,86.061560000000,1.000000000000
1363939524,84.900040000000,0.944176890000
1363943296,87.956350000000,0.299542370000
1363973941,86.429540000000,0.617540030000
1363985472,85.682280000000,0.311209370000
1363986376,82.759950000000,0.160605610000
1363986812,80.247800000000,0.082495610000
1363987478,81.630140000000,2.100000000000
1364202304,89.000000000000,1.000000000000
1364222996,90.000000000000,5.000000000000
1364235588,89.653230000000,1.000000000000
1364317587,93.688060000000,0.096389640000
1364317601,93.688060000000,0.096389640000
1364317601,93.688060000000,0.096389640000
1364318229,93.688060000000,0.710831080000
1364346825,94.876900000000,0.064163250000
1364351881,96.000000000000,2.000000000000
1364363736,98.970110000000,0.025287520000
1364371220,103.000000000000,9.250349270000
1364371527,103.230290000000,0.110305180000
1364371534,103.610400000000,1.238550000000
1364371564,103.610400000000,0.191155740000
1364371640,103.610400000000,5.459989080000
1364371894,102.500000000000,0.735178920000
1364375247,103.305000000000,0.051000000000
1364375720,103.305000000000,0.002309220000
1364382848,103.267120000000,0.902567860000
1364385193,103.972600000000,0.449096860000
1364385350,103.972600000000,0.227918880000
1364388214,103.972600000000,0.227918880000
1364436279,103.776740000000,0.398551760000
1364466819,116.425670000000,5.000000000000
1364501075,111.104900000000,0.002894380000
1364564161,106.000000000000,5.000000000000
1364567842,106.000000000000,5.000000000000
1364594029,105.000000000000,5.000000000000
1364637780,108.664180000000,3.003509570000
1364637911,107.894190000000,1.996490430000
1364724200,109.007890000000,0.508078180000
1364860266,125.363450000000,0.060000000000
1364860266,125.525600000000,0.200000000000
1364860266,125.525600000000,0.390000000000
1364860266,126.208910000000,4.350000000000
1364860374,126.000000000000,5.000000000000
1364860374,125.000000000000,5.000000000000
1364860375,124.000000000000,5.000000000000
1364864463,125.055690000000,0.550000000000
1364864463,126.089240000000,1.727700000000
1364864463,126.089260000000,17.722300000000
1364864983,125.547100000000,0.341983260000
1364864983,125.638940000000,0.918130000000
1364864984,126.174830000000,0.999560000000
1364864984,126.267140000000,0.988850000000
1364864984,126.805710000000,1.074780000000
1364864984,126.824480000000,18.368913710000
1364869149,125.000000000000,1.100000000000
1364880473,120.254270000000,2.894817330000
1364880473,120.246840000000,1.848016420000
1364895388,128.662510000000,5.935946470000
1364895389,128.663740000000,4.601253990000
1364895389,128.663740000000,0.010000000000
1364895391,128.663740000000,1.000000000000
1364895392,128.663740000000,0.010269400000
1364896533,128.822200000000,0.087300000000
1364896533,129.174710000000,2.640902310000
1364896533,129.177160000000,8.783565370000
1364897046,129.091370000000,3.000000000000
1364926421,132.494910000000,2.776000000000
1364927986,133.441400000000,0.098532320000
1364927986,133.441410000000,18.736967680000
1364928095,133.441410000000,3.000000000000
1364931396,134.000000000000,3.000000000000
1364932600,135.000000000000,2.455541000000
1364950190,140.000000000000,1.190000000000
1364950388,141.554700000000,3.000000000000
1364961803,146.000000000000,4.993800000000
1364961848,145.000000000000,0.000015510000
1365021247,147.242310000000,0.099500000000
1365037037,148.000000000000,1.110000000000
1365047647,145.724510000000,1.000000000000
1365051727,155.182530000000,0.100000000000
1365055526,157.758920000000,0.192370790000
1365056081,155.779500000000,0.058766310000
1365057155,156.387180000000,0.632177870000
1365057155,159.081370000000,9.367822130000
1365057161,159.081370000000,0.478762580000
1365057162,159.082590000000,8.444168640000
1365057162,159.689770000000,1.000000000000
1365057162,159.761750000000,0.077068780000
1365057179,159.761750000000,10.000000000000
1365062512,156.506570000000,0.804211250000
1365063592,156.506570000000,0.401918970000
1365070730,159.677630000000,0.090594710000
1365070738,159.677630000000,0.090594710000
1365070739,159.677630000000,0.081535240000
1365070741,159.677630000000,0.072475770000
1365070742,159.677630000000,0.064322250000
1365070743,159.677630000000,0.057074670000
1365070745,159.677630000000,0.050642440000
1365070747,159.677630000000,0.044934980000
1365070750,159.677630000000,0.039870730000
1365070759,159.677630000000,0.035377240000
1365070834,159.677630000000,0.025067190000
1365070893,159.677630000000,0.011982120000
1365070896,159.677630000000,0.011982120000
1365070908,159.677630000000,0.011982120000
1365071068,160.431770000000,30.399727740000
1365076561,161.511340000000,0.012733800000
1365083755,164.197720000000,0.529790960000
1365083908,164.197720000000,0.530473140000
1365101820,157.909480000000,0.087850390000
1365102842,163.325600000000,0.018126810000
1365102842,163.325610000000,0.018126810000
1365102842,163.430040000000,9.963746380000
1365102981,161.698480000000,6.006800230000
1365102982,161.698490000000,1.993199770000
1365104229,161.510100000000,6.000000000000
1365112780,161.997080000000,0.024557520000
1365112780,162.166460000000,0.975442480000
1365121230,159.838660000000,0.095715650000
1365121234,159.838660000000,0.016581340000
1365124489,159.000000000000,0.100000000000
1365124578,160.550440000000,0.011569430000
1365124681,160.671370000000,1.100000000000
1365124681,160.892300000000,1.100000000000
1365181481,164.391530000000,0.109084800000
1365181519,164.391530000000,0.037212310000
1365184359,167.600460000000,0.078680930000
1365192782,170.731170000000,0.026000490000
1365192787,171.244810000000,0.017000000000
1365192787,171.272820000000,0.017300000000
1365192790,171.546220000000,0.017600000000
1365192790,171.548410000000,0.017500000000
1365192790,171.557800000000,0.017000000000
1365192793,171.565000000000,0.017800000000
1365192793,171.585810000000,0.017300000000
1365192794,171.630890000000,0.017100000000
1365192797,171.863870000000,7.680000000000
1365192797,171.943880000000,0.017100000000
1365192797,172.237490000000,0.010000000000
1365192797,172.611110000000,0.185123770000
1365192797,172.664690000000,91.943175740000
1365193036,171.988330000000,0.016600000000
1365193036,172.013770000000,0.209210000000
1365193036,172.146700000000,0.100000000000
1365193037,172.146700000000,48.900000000000
1365193037,172.301320000000,0.016600000000
1365193037,172.664320000000,1.488000000000
1365193037,172.664510000000,2.092841560000
1365193039,172.664690000000,49.992536340000
1365230591,166.643590000000,0.160248660000
1365230599,166.643590000000,0.079811050000
1365230599,166.643590000000,0.079811050000
1365230604,166.643590000000,0.000720990000
1365230975,165.488840000000,18.403138250000
1365249634,166.414610000000,1.105186490000
1365323014,172.533950000000,0.408502780000
1365376268,197.801930000000,0.255900000000
1365376268,197.958440000000,0.035000000000
1365376269,198.117800000000,0.271800000000
1365376269,198.117800000000,0.269100000000
1365376269,198.117800000000,0.266400000000
1365376269,198.117800000000,0.263700000000
1365376269,198.117800000000,0.261100000000
1365376269,198.117800000000,0.258500000000
1365376269,198.117800000000,0.255900000000
1365376269,198.125690000000,0.223592500000
1365377203,197.659000000000,0.347398470000
1365377203,197.659010000000,8.563368530000
1365377203,197.659010000000,1.089233000000
1365378437,199.123150000000,1.137353260000
1365378438,199.123150000000,0.324929350000
1365378438,199.123160000000,8.537717390000
1365379948,199.965050000000,5.000000000000
1365380263,199.952840000000,0.395000000000
1365386083,207.000000000000,4.001568590000
1365386083,207.000000000000,0.350000640000
1365386084,207.000000000000,5.250009540000
1365386084,207.000000000000,0.058421230000
1365386980,203.152280000000,0.010108870000
1365390394,210.470270000000,0.147000000000
1365393028,203.464120000000,0.172426540000
1365397635,203.385600000000,3.323129470000
1365397795,203.252230000000,0.528601570000
1365397795,202.934630000000,10.471398430000
1365397848,202.934630000000,0.676870530000
1365398356,206.142610000000,0.010807050000
1365406148,208.757330000000,0.029387990000
1365407556,212.889870000000,0.022685050000
1365413387,226.790350000000,5.000000000000
1365413863,227.033400000000,4.800000000000
1365413863,227.033400000000,2.000000000000
1365413866,227.033400000000,1.866283410000
1365413971,227.033410000000,8.000000000000
1365413971,227.033400000000,7.724191870000
1365414027,227.033400000000,0.039000000000
1365414056,227.033400000000,0.318269490000
1365414117,227.033400000000,5.112055230000
1365416389,220.191610000000,0.990000000000
1365417410,220.231210000000,0.168300000000
1365417509,221.451310000000,0.004312860000
1365434297,225.889390000000,0.096112430000
1365436581,222.671430000000,1.000000000000
1365436582,222.671430000000,1.000000000000
1365446182,219.850500000000,0.002439430000
1365446182,219.513710000000,0.097060570000
1365449808,221.811940000000,4.558700000000
1365453198,222.216310000000,0.017090180000
1365453198,221.811980000000,0.017016690000
1365454958,222.216310000000,1.000000000000
1365455093,214.214530000000,0.657093170000
1365466564,222.000000000000,1.801800000000
1365468052,220.071820000000,1.036000000000
1365473136,225.343820000000,0.060000000000
1365493517,227.709630000000,0.296979900000
1365493676,229.226400000000,0.001642420000
1365496314,229.786520000000,0.014089380000
1365501622,229.247400000000,0.020747600000
1365503230,230.900000000000,0.278865780000
1365503255,230.900000000000,0.721134220000
1365505148,234.000000000000,0.151109500000
1365505148,234.000000000000,0.059594150000
1365508186,243.294250000000,0.086268700000
1365516164,249.483980000000,0.303904630000
1365516293,250.000000000000,11.500000000000
1365516293,250.000000000000,1.000000000000
1365518171,257.000000000000,0.500000000000
1365528140,267.204650000000,0.172346210000
1365528376,267.204650000000,0.196400000000
1365528400,267.204650000000,0.155235800000
1365535361,275.819340000000,0.500000000000
1365547304,274.052470000000,0.099500000000
1365548916,273.532680000000,1.000000000000
1365548920,273.532680000000,1.000000000000
1365548920,273.532680000000,0.239069600000
1365548920,273.232100000000,2.634930400000
1365551082,271.663970000000,0.750000000000
1365553132,268.272440000000,0.010000000000
1365553140,268.272440000000,0.010000000000
1365553187,267.520980000000,0.010000000000
1365563314,277.500000000000,2.500000000000
1365563314,277.500000000000,0.156982290000
1365567958,275.882730000000,0.019157620000
1365568530,275.882730000000,0.058978720000
1365583510,282.531210000000,0.032428890000
1365583510,283.318200000000,0.454004820000
1365589755,290.400650000000,0.016000000000
1365590167,299.010880000000,0.015446020000
1365595104,308.400650000000,3.000000000000
1365596856,303.190810000000,1.745686350000
1365596856,303.190810000000,0.000017500000
1365596856,303.190810000000,0.254296150000
1365599132,314.191110000000,0.677262950000
1365606937,293.636680000000,0.088588150000
1365606948,292.887610000000,0.088586020000
1365606975,291.188150000000,0.001534600000
1365612929,260.000000000000,2.000000000000
1365614330,250.000000000000,1.954529340000
1365614339,250.000000000000,0.045470660000
1365614402,240.685410000000,2.558350240000
1365614403,240.685410000000,0.010000000000
1365614403,240.685410000000,0.413649760000
1365616921,220.000000000000,0.010000000000
1365616921,220.000000000000,1.000000000000
1365617942,200.000000000000,1.100000000000
1365618029,190.000000000000,5.000000000000
1365620179,160.926130000000,32.000000000000
1365620253,158.000000000000,0.990300000000
1365623908,164.865030000000,1.000000000000
1365624607,164.279180000000,0.041667150000
1365624607,175.021890000000,0.045412230000
1365624607,175.021890000000,0.089234290000
1365624608,175.021890000000,0.089234290000
1365624608,175.021890000000,0.089234290000
1365624608,175.021890000000,0.089691500000
1365624609,175.021890000000,0.089331770000
1365624609,175.021890000000,0.089300500000
1365624623,171.483510000000,0.089464980000
1365624700,165.268950000000,1.000000000000
1365625865,168.986660000000,0.601032490000
1365626008,177.918160000000,1.000000000000
1365626178,177.080900000000,0.982000000000
1365626185,177.918160000000,0.189377540000
1365626189,177.918160000000,0.810622460000
1365626338,184.970520000000,1.000000000000
1365626395,184.970520000000,1.000000000000
1365626519,199.906030000000,1.000000000000
1365626571,195.310490000000,1.000000000000
1365627038,220.777050000000,0.000136330000
1365628665,223.223800000000,0.155713160000
1365628665,219.492620000000,0.844286840000
1365628667,217.627300000000,0.828447930000
1365628667,217.627300000000,0.127875710000
1365629751,209.740490000000,1.000000000000
1365630917,188.766440000000,1.000000000000
1365631333,172.356910000000,0.808520320000
1365631491,165.000000000000,3.000000000000
1365631539,164.273630000000,0.417067170000
1365631543,164.273630000000,0.202717410000
1365632029,157.013550000000,1.000000000000
1365632094,158.043820000000,1.000000000000
1365632701,165.268950000000,1.000000000000
1365632718,149.367840000000,1.000000000000
1365632718,149.367840000000,1.000000000000
1365633037,170.035010000000,0.798089120000
1365633038,170.035010000000,0.201910880000
1365633361,193.134050000000,0.707669100000
1365633367,195.886560000000,0.199306840000
1365633536,195.310490000000,0.911894170000
1365633536,194.759020000000,0.088105830000
1365634014,186.119410000000,1.000000000000
1365634014,186.119410000000,1.000000000000
1365634079,193.127610000000,1.000000000000
1365634397,180.949420000000,1.000000000000
1365634506,175.895480000000,0.059500000000
1365635781,180.374990000000,1.000000000000
1365637713,188.417180000000,0.126955360000
1365637713,185.123520000000,0.873044640000
1365637812,185.039360000000,1.000000000000
1365637824,187.734620000000,1.000000000000
1365637902,185.039360000000,1.000000000000
1365637902,185.039360000000,1.000000000000
1365638537,196.513540000000,0.027232180000
1365639230,198.301000000000,0.428414000000
1365639231,198.301000000000,0.571586000000
1365641786,192.645750000000,0.261390710000
1365641786,192.645750000000,0.437347960000
1365645185,199.000000000000,2.000000000000
1365645188,199.000000000000,0.347023790000
1365645188,199.000000000000,0.956949210000
1365645333,195.000000000000,21.282084180000
1365645515,200.000000000000,0.433000000000
1365645792,199.000000000000,2.873071000000
1365645952,198.999990000000,0.017238430000
1365647318,192.645750000000,0.301261330000
1365647390,191.632840000000,1.000000000000
1365647517,190.000000000000,1.117000000000
1365650610,190.706730000000,1.000000000000
1365650610,190.706730000000,1.000000000000
1365650610,190.706730000000,1.000000000000
1365650743,192.154850000000,0.407117430000
1365650743,192.154850000000,0.481882570000
1365651680,200.000000000000,1.000000000000
1365653325,206.566480000000,0.086177790000
1365654308,202.899750000000,1.000000000000
1365654308,202.000000000000,1.000000000000
1365654309,202.000000000000,1.000000000000
1365654310,202.000000000000,0.349629360000
1365654311,202.000000000000,0.061542860000
1365654311,202.000000000000,0.061542860000
1365654311,202.000000000000,0.082069440000
1365656313,202.000000000000,0.445215480000
1365656357,201.762590000000,1.000000000000
1365656738,202.000000000000,0.445215480000
1365656740,203.119890000000,0.143629650000
1365656740,203.426740000000,0.027794610000
1365657149,202.000000000000,1.000000000000
1365657167,204.929500000000,0.274406790000
1365664398,205.663100000000,0.043400000000
1365665163,205.384210000000,0.640000000000
1365670346,193.355820000000,1.000000000000
1365671556,187.070150000000,1.000000000000
1365686144,161.457900000000,1.000000000000
1365686145,161.348850000000,1.000000000000
1365686633,150.000000000000,6.000000000000
1365686633,150.000000000000,2.000000000000
1365732634,96.000000000000,0.001353120000
1365732635,96.000000000000,0.010000000000
1365732637,96.000000000000,4.488646880000
1365734479,127.901500000000,3.000000000000
1365735593,151.885770000000,0.040000000000
1365735605,145.497030000000,0.003787080000
1365736047,139.666500000000,1.000000000000
1365736534,120.687370000000,25.000000000000
1365736965,118.124660000000,1.000000000000
1365745325,108.629500000000,4.000000000000
1365747787,118.290270000000,1.000000000000
1365749870,115.504710000000,1.000000000000
1365749917,117.024560000000,1.000000000000
1365751508,100.000000000000,5.000000000000
1365753610,104.750600000000,25.000000000000
1365753935,105.418380000000,0.076790000000
1365759536,106.922470000000,0.146290850000
1365759536,106.922470000000,0.500000000000
1365759536,106.922470000000,0.353709150000
1365761974,87.226500000000,0.990000000000
1365761974,87.147320000000,0.103342690000
1365762268,88.357160000000,1.079006440000
1365762478,88.377860000000,1.240909600000
1365762483,88.377860000000,1.759090400000
1365763762,94.662830000000,0.708948160000
1365763762,94.662850000000,8.735751840000
1365764508,90.000000000000,0.054000000000
1365767993,80.000000000000,1.000000000000
1365769347,70.000000000000,1.000000000000
1365772283,75.548170000000,0.506006030000
1365772340,79.982850000000,0.478229640000
1365774870,85.855080000000,0.000348490000
1365798416,107.077650000000,2.000000000000
1365798947,100.885770000000,0.080000000000
1365809246,124.148000000000,0.632100000000
1365810879,130.000000000000,1.000000000000
1365811639,141.761290000000,0.440600000000
1365814293,139.436350000000,1.399076500000
1365814293,139.495970000000,0.600923500000
1365828112,136.957140000000,0.583292290000
1365828112,136.957140000000,1.000000000000
1365828113,136.957140000000,1.200000000000
1365828119,136.957140000000,0.016707710000
1365828529,129.454320000000,2.800000000000
1365837588,131.476120000000,1.000000000000
1365837720,136.178740000000,1.000000000000
1365837798,132.564780000000,0.100000000000
1365837798,131.476120000000,0.900000000000
1365839038,133.536350000000,1.000000000000
1365839144,133.568640000000,0.396731840000
1365839144,133.558980000000,0.603268160000
1365853572,139.078670000000,2.600000000000
1365867745,130.788330000000,0.057787360000
1365871418,135.307680000000,0.055857210000
1365873687,129.290370000000,0.028100000000
1365873688,129.199590000000,0.021900000000
1365880762,120.000000000000,2.000000000000
1365885252,110.000000000000,2.000000000000
1365885420,118.035050000000,0.050000000000
1365885519,115.155470000000,3.000000000000
1365888139,105.000000000000,2.000000000000
1365889220,105.000000000000,2.000000000000
1365891152,120.200080000000,1.250000000000
1365891153,120.200080000000,0.029462540000
1365905351,118.329750000000,0.459355250000
1365906168,120.009170000000,0.540600000000
1365906303,119.227320000000,2.000000000000
1365906493,116.842760000000,1.180000000000
1365918165,121.454520000000,0.050000000000
1365921365,120.670980000000,0.032894970000
1365936915,115.000000000000,1.282067710000
1365936940,115.000000000000,4.451200000000
1365936999,115.000000000000,0.050000000000
1365937078,115.000000000000,2.000000000000
1365937091,115.000000000000,0.183092400000
1365937143,115.000000000000,2.000000000000
1365937162,115.000000000000,0.099942090000
1365937204,115.000000000000,24.776962420000
1365937239,115.000000000000,1.400000000000
1365937260,115.000000000000,5.001988000000
1365937269,115.000000000000,3.000000000000
1365937277,115.000000000000,2.500000000000
1365937322,115.000000000000,5.000000000000
1365937326,115.000000000000,6.000000000000
1365937349,115.000000000000,3.475194230000
1365937358,115.000000000000,1.629100000000
1365937378,115.000000000000,2.640386460000
1365937471,115.000000000000,2.955800000000
1365937570,115.000000000000,47.709310480000
1365937586,115.000000000000,33.844956210000
1365944500,115.524960000000,0.010100000000
1365979759,108.000000000000,1.779976940000
1365982499,100.000000000000,0.199522000000
1365986786,108.053600000000,6.246900000000
1365992600,113.254020000000,0.738639830000
1365992601,113.254020000000,0.261360170000
1365992766,110.133300000000,0.171110000000
1365992781,110.133290000000,0.507067280000
1366008691,116.126230000000,0.066036790000
1366020314,119.887710000000,2.819200000000
1366029477,113.146730000000,0.020000000000
1366047797,107.304580000000,0.050000000000
1366052678,109.010170000000,23.759070730000
1366054829,106.017060000000,4.000000000000
1366057015,100.000000000000,0.099500000000
1366059476,100.000000000000,9.700978000000
1366062569,90.000000000000,0.100000000000
1366062575,90.000000000000,0.486500000000
1366076128,90.000000000000,1.000000000000
1366076955,89.546050000000,1.000000000000
1366085203,70.000000000000,0.010000000000
1366085205,70.000000000000,9.990000000000
1366087300,71.212800000000,0.030000000000
1366091586,79.998480000000,0.020000000000
1366091650,79.998490000000,0.170100000000
1366096145,60.000000000000,15.000000000000
1366096861,67.716130000000,0.010000000000
1366097683,62.195740000000,0.010000000000
1366097695,65.086840000000,0.009784920000
1366105413,64.578620000000,1.000000000000
1366105575,64.578620000000,1.000500000000
1366105580,64.578620000000,5.303412000000
1366107845,70.789760000000,0.247655870000
1366115783,70.000000000000,15.000000000000
1366123354,72.152720000000,0.020000000000
1366139080,82.726670000000,1.000000000000
1366139806,80.303580000000,1.000000000000
1366145003,80.625260000000,0.052973590000
1366146098,84.295950000000,0.017016110000
1366156827,81.394700000000,0.500000000000
1366160162,75.374410000000,30.000000000000
1366161201,76.784930000000,0.050000000000
1366161201,77.710050000000,0.500000000000
1366161201,78.253070000000,5.000000000000
1366161201,78.373830000000,1.450000000000
1366164067,84.730210000000,0.497000000000
1366164067,85.615380000000,2.503000000000
1366164805,83.121880000000,0.010000000000
1366183121,88.406430000000,0.908000000000
1366189840,94.635280000000,0.296169930000
1366191656,100.000000000000,2.000000000000
1366191657,100.000000000000,1.989000000000
1366191660,100.000000000000,1.978060500000
1366191662,100.000000000000,1.967181200000
1366191665,100.000000000000,1.956361700000
1366191667,100.000000000000,0.109396600000
1366191668,104.000610000000,1.870181330000
1366192456,95.000000000000,2.668063880000
1366196617,96.466670000000,0.020000000000
1366196651,100.000000000000,1.300000000000
1366199394,98.160450000000,2.000000000000
1366225447,107.019230000000,18.000000000000
1366225449,107.019230000000,0.572830320000
1366231830,105.585700000000,0.001160560000
1366248483,114.369890000000,1.700000000000
1366249897,101.509260000000,0.010060370000
1366249897,101.366950000000,3.689939630000
1366249904,102.715000000000,0.098714010000
1366249989,106.422800000000,0.804267530000
1366249989,106.422800000000,0.002193050000
1366250000,107.713450000000,2.764517610000
1366263917,105.172690000000,0.018000000000
1366273251,112.288210000000,0.089591480000
1366273251,112.288230000000,3.030408520000
1366273279,112.288230000000,0.030000000000
1366274220,109.073580000000,0.001028840000
1366285151,106.987280000000,0.018000000000
1366286106,111.000000000000,0.017200000000
1366301718,111.000000000000,19.982800000000
1366321733,118.000000000000,20.000000000000
1366327396,121.800000000000,30.000000000000
1366332956,130.643970000000,2.587107540000
1366336781,134.000000000000,4.970000000000
1366345990,139.870000000000,0.094000000000
1366349605,145.000000000000,0.010000000000
1366349631,145.000000000000,0.010000000000
1366349710,141.511300000000,0.019880000000
1366349898,145.000000000000,0.010000000000
1366352076,145.000000000000,0.112400000000
1366353280,145.000000000000,2.457600000000
1366355982,150.000000000000,2.000000000000
1366356132,150.000000000000,2.000000000000
1366356517,150.000000000000,2.666660000000
1366356517,150.000000000000,0.122463320000
1366356870,149.622310000000,0.009940000000
1366358930,155.000000000000,1.000000000000
1366358931,157.977180000000,1.585327890000
1366358931,157.989720000000,6.343099860000
1366358931,158.602710000000,0.504845090000
1366360418,149.500000000000,1.000000000000
1366364232,140.000000000000,2.679303550000
1366364241,140.000000000000,2.320696450000
1366369512,140.000000000000,0.020000000000
1366369591,140.000000000000,0.061307240000
1366369645,140.000000000000,0.918692760000
1366371967,139.900000000000,1.000000000000
1366372561,136.557210000000,0.019000000000
1366419400,142.755300000000,0.127900000000
1366419920,140.516510000000,0.708600000000
1366422332,135.761520000000,0.099500000000
1366451256,144.692080000000,1.000000000000
1366452616,140.017840000000,0.070000000000
1366474690,145.000000000000,1.000000000000
1366485243,142.712930000000,0.050000000000
1366486664,146.333140000000,0.100981000000
1366494196,150.000000000000,1.000000000000
1366494196,150.000000000000,1.000000000000
1366520418,147.000000000000,4.038308050000
1366520422,147.000000000000,0.961691950000
1366547208,149.364500000000,2.500000000000
1366554307,145.946120000000,0.100161160000
1366572424,135.610000000000,1.100000000000
1366599704,140.035410000000,0.000666210000
1366608185,140.542260000000,0.010000000000
1366617891,148.000000000000,1.000000000000
1366618070,148.000000000000,1.956106420000
1366618349,148.000000000000,7.043893580000
1366681142,151.000000000000,1.000000000000
1366685826,153.404340000000,0.079588250000
1366685826,153.422850000000,0.420411750000
1366701209,151.799360000000,0.046230000000
1366703466,150.230000000000,0.605477650000
1366715944,150.230000000000,0.100000000000
1366716163,153.689280000000,0.090000000000
1366724562,155.000000000000,1.000000000000
1366724562,155.000000000000,2.480000000000
1366729636,160.000000000000,1.000000000000
1366743606,158.220740000000,0.011000000000
1366751183,165.000000000000,0.030468000000
1366751292,165.000000000000,0.969532000000
1366752117,165.880640000000,0.020000000000
1366752146,161.402510000000,0.019880300000
1366752221,165.924690000000,0.006000000000
1366752221,168.972370000000,0.014500000000
1366753419,162.328110000000,0.099000000000
1366759657,170.000000000000,1.000000000000
1366760963,170.000000000000,0.105926200000
1366770144,170.000000000000,1.000000000000
1366770600,170.000000000000,0.494073800000
1366770601,170.000000000000,0.505926200000
1366770705,170.918560000000,1.000000000000
1366771399,170.000000000000,1.000000000000
1366780537,177.000000000000,0.450108090000
1366780537,180.292100000000,0.549891910000
1366795816,175.719000000000,0.500000000000
1366796241,180.800000000000,0.300000000000
1366796558,183.000000000000,0.050000000000
1366796617,183.000000000000,2.979314360000
1366799930,183.760000000000,1.000000000000
1366800176,182.437080000000,0.308514070000
1366800176,181.972260000000,0.685485930000
1366803289,176.682690000000,1.000000000000
1366805064,179.012280000000,0.020377000000
1366806492,183.760000000000,2.050000000000
1366807118,182.200000000000,5.000000000000
1366808315,183.760000000000,26.950000000000
1366812131,189.800000000000,0.500000000000
1366843389,184.128100000000,1.000000000000
1366850762,182.000000000000,0.796369640000
1366851017,182.000000000000,0.203630360000
1366856268,177.945790000000,0.099500000000
1366857482,183.000000000000,0.379665830000
1366857482,183.000000000000,0.620334170000
1366864429,183.500000000000,1.000000000000
1366867015,184.000000000000,1.000000000000
1366868282,185.000000000000,1.000000000000
1366921615,160.000000000000,1.000000000000
1366921721,155.000000000000,1.000000000000
1366921917,150.000000000000,1.000000000000
1366922899,167.092550000000,5.333300000000
1366923298,164.573690000000,5.000000000000
1366923315,160.474900000000,0.220000000000
1366923386,160.200000000000,1.421514160000
1366923395,160.200000000000,4.778485840000
1366923617,159.729720000000,4.595903130000
1366923618,159.850820000000,0.404096870000
1366925026,165.905780000000,0.200000000000
1366932264,165.905780000000,5.000000000000
1366933588,161.770250000000,0.150000000000
1366940382,162.809200000000,10.000000000000
1366940387,162.809200000000,10.000000000000
1366940499,160.000000000000,0.808756140000
1366940541,160.000000000000,1.389375000000
1366940680,160.000000000000,2.801868860000
1366942382,156.500000000000,5.000000000000
1366942402,155.500000000000,10.000000000000
1366942862,157.038800000000,1.627059180000
1366942862,157.038810000000,14.195781300000
1366942862,157.054520000000,2.016272220000
1366942862,157.054530000000,1.000000000000
1366942862,158.609210000000,0.010000000000
1366942862,160.353240000000,0.010000000000
1366942862,160.363460000000,6.607787300000
1366943313,154.656740000000,10.000000000000
1366943397,153.000000000000,20.000000000000
1366948027,153.329690000000,0.020000000000
1366950342,159.000000000000,0.200000000000
1366950391,159.000000000000,1.527839460000
1366951130,159.000000000000,1.289260540000
1366953776,151.400000000000,30.000000000000
1366953815,150.055330000000,14.238387000000
1366953848,150.055330000000,20.761613000000
1366953848,150.000000000000,10.000000000000
1366955236,147.209710000000,0.597150000000
1366955236,147.168920000000,0.500000000000
1366955236,145.216670000000,4.000000000000
1366955236,145.034130000000,1.000000000000
1366955236,144.780780000000,0.695850000000
1366955876,153.050700000000,0.080000000000
1366955876,153.203750000000,0.100000000000
1366955876,153.356950000000,0.100000000000
1366955876,153.457860000000,0.500000000000
1366955876,153.510310000000,0.100000000000
1366955876,153.663820000000,0.100000000000
1366955876,154.489200000000,1.205240000000
1366955876,154.524870000000,4.169260000000
1366960795,147.569690000000,6.823096190000
1366968399,158.000000000000,0.550900000000
1366973968,155.796140000000,0.010000000000
1366973974,155.796140000000,0.010000000000
1366973990,155.796140000000,0.010000000000
1366973990,155.796140000000,0.010000000000
1366974005,155.796140000000,0.114800000000
1366979458,158.830380000000,0.021850000000
1367022810,158.084470000000,0.099500000000
1367043649,158.090000000000,0.235379200000
1367043680,165.515400000000,0.223472800000
1367060421,163.708570000000,0.108608790000
1367060480,163.708580000000,0.100000000000
1367060509,163.708580000000,0.009882200000
1367060519,163.708580000000,0.015219460000
1367060541,163.708580000000,0.091281890000
1367083147,156.250400000000,1.000000000000
1367087910,152.258650000000,7.099461790000
1367087977,152.258650000000,13.898840250000
1367088241,152.258650000000,4.001697960000
1367092289,150.258650000000,25.000000000000
1367092901,148.000000000000,40.000000000000
1367128701,157.456560000000,0.110533900000
1367128708,157.456570000000,0.021100000000
1367128714,157.456580000000,0.081254590000
1367137511,150.775250000000,0.010733700000
1367144972,152.770000000000,0.099500000000
1367156832,152.953740000000,0.010000000000
1367156833,152.953740000000,0.010000000000
1367156833,152.953740000000,0.010000000000
1367156833,152.609770000000,0.470000000000
1367165465,162.740970000000,0.015000000000
1367168821,161.898000000000,0.020000000000
1367186703,153.641690000000,4.405740080000
1367186703,153.171600000000,0.650455470000
1367186703,152.774470000000,2.847886250000
1367186703,152.634370000000,15.000000000000
1367186703,152.620960000000,0.200000000000
1367186704,152.566480000000,2.965918200000
1367202649,163.454200000000,0.015000000000
1367216695,155.880290000000,0.080000000000
1367232915,163.454200000000,0.023000000000
1367234449,163.454200000000,0.962000000000
1367263013,169.116390000000,10.000000000000
1367263049,169.116390000000,6.688391700000
1367263062,169.116400000000,0.800000000000
1367263273,169.116400000000,0.120000000000
1367263325,169.116400000000,0.517528060000
1367263402,169.116400000000,0.029000000000
1367263583,169.116400000000,0.346910000000
1367263779,169.116400000000,20.000000000000
1367263970,169.116400000000,3.919568020000
1367264365,169.116400000000,9.455719550000
1367278809,167.000000000000,0.153871200000
1367280954,171.148920000000,0.200000000000
1367281012,171.148930000000,0.894108610000
1367281028,171.148930000000,4.712891390000
1367281649,171.192490000000,5.805442570000
1367285330,171.956560000000,0.013188140000
1367285385,171.956570000000,0.236811860000
1367287747,170.100000000000,0.010749490000
1367288594,170.100000000000,0.989250510000
1367292002,165.966730000000,0.099500000000
1367310057,173.662160000000,0.011633160000
1367332009,165.000000000000,2.000000000000
1367343241,158.622830000000,0.442727700000
1367371131,166.333600000000,0.110000000000
1367380049,153.000000000000,0.117480840000
1367380774,155.544080000000,0.010000000000
1367386500,161.663330000000,1.000000000000
1367386500,161.663330000000,0.080000000000
1367386500,161.866900000000,4.406173220000
1367401887,153.376560000000,3.260000000000
1367413283,154.500000000000,0.010094400000
1367413836,154.500000000000,0.003019110000
1367417012,154.500000000000,0.023610140000
1367417884,154.500000000000,0.212000000000
1367418045,154.500000000000,0.200000000000
1367418526,154.500000000000,1.551276350000
1367418974,150.000000000000,2.000000000000
1367425700,149.039000000000,9.691500000000
1367429008,148.000000000000,0.160433910000
1367432731,144.698000000000,9.982200000000
1367432750,144.000000000000,27.000000000000
1367432873,142.000000000000,1.035700000000
1367432982,140.483000000000,10.281700000000
1367433259,136.392000000000,10.590100000000
1367433336,132.419000000000,10.907900000000
1367433449,128.562000000000,11.235100000000
1367433598,124.818000000000,11.572100000000
1367435774,130.000000000000,1.000000000000
1367435929,136.264220000000,0.010568470000
1367435930,136.264220000000,0.403796020000
1367439218,134.388840000000,0.010000000000
1367439410,130.240750000000,0.010000000000
1367439524,132.923170000000,4.000000000000
1367439910,135.280420000000,0.010949400000
1367439923,135.280420000000,0.689050600000
1367440956,138.910710000000,2.000000000000
1367441549,138.192210000000,3.536400000000
1367443594,138.837790000000,0.010000000000
1367443597,138.837790000000,0.029889520000
1367449438,138.605870000000,2.000000000000
1367451143,134.410000000000,0.011000000000
1367451147,134.410000000000,5.809178850000
1367451302,134.410000000000,0.017581510000
1367451582,134.410000000000,8.000000000000
1367451603,134.410000000000,10.000000000000
1367452862,134.410000000000,7.649788640000
1367453070,134.410000000000,71.985301000000
1367457620,131.000000000000,0.099500000000
1367457910,131.000000000000,0.011373310000
1367477507,138.442300000000,12.902300000000
1367478856,142.490060000000,0.428802190000
1367480592,142.595570000000,0.500000000000
1367480607,142.595570000000,12.026600000000
1367485654,146.178510000000,0.056500000000
1367485657,146.178520000000,0.010949400000
1367485664,146.178520000000,0.010949400000
1367485680,146.178520000000,0.010949400000
1367485772,146.178520000000,0.252585990000
1367485789,146.178520000000,0.250000000000
1367485806,146.178520000000,0.250000000000
1367485831,146.178520000000,0.158065810000
1367490376,134.761200000000,7.000000000000
1367495639,131.000000000000,1.889126690000
1367496862,133.000000000000,0.400000000000
1367502650,126.694320000000,12.197100000000
1367503878,124.000000000000,1.000000000000
1367503889,123.004190000000,12.563100000000
1367504156,119.421540000000,12.940000000000
1367504197,118.000000000000,7.372900000000
1367504470,115.943250000000,0.711688290000
1367504472,115.943250000000,3.978000000000
1367504473,115.943250000000,8.638511710000
1367507088,112.566260000000,13.728000000000
1367507516,109.287630000000,14.139800000000
1367513222,117.049260000000,0.306460150000
1367522294,123.846080000000,0.025064170000
1367542700,126.058290000000,0.050689480000
1367542889,126.058290000000,0.417771060000
1367543043,126.058290000000,0.531539460000
1367547435,117.403500000000,0.758239850000
1367552318,115.100000000000,0.500000000000
1367553718,115.100000000000,0.586000000000
1367553828,114.000000000000,1.000000000000
1367565426,113.446020000000,0.366090050000
1367566197,110.000000000000,1.000000000000
1367568934,106.104500000000,14.564000000000
1367568935,105.000000000000,1.000000000000
1367569082,103.014070000000,15.001000000000
1367569449,100.703470000000,0.011928000000
1367569494,100.013660000000,0.011928000000
1367569517,100.013660000000,0.011928000000
1367569681,100.013660000000,0.011928000000
1367578842,100.013660000000,16.203916000000
1367579409,97.100640000000,16.726900000000
1367580894,101.442660000000,4.193403450000
1367580894,102.639870000000,5.106596550000
1367584258,97.836290000000,8.074710000000
1367584261,97.836290000000,0.004781860000
1367633184,114.449560000000,0.086016190000
1367633663,114.449560000000,0.158587610000
1367633900,114.449560000000,0.953148350000
1367644726,111.052550000000,0.099500000000
1367698536,129.500000000000,0.500000000000
1367707447,129.134240000000,0.834786390000
1367707447,129.134240000000,2.290000000000
1367707447,128.894770000000,1.096784380000
1367707447,128.722740000000,3.106519420000
1367707447,128.722740000000,0.010000000000
1367707448,128.722740000000,0.010000000000
1367707448,128.722740000000,0.010000000000
1367707448,128.722730000000,1.891909810000
1367710286,129.300000000000,0.048435260000
1367710292,129.300000000000,5.000000000000
1367710454,129.300000000000,0.036746940000
1367710484,129.300000000000,2.199498280000
1367710555,129.300000000000,2.715319520000
1367719474,135.000000000000,1.000000000000
1367748784,124.509220000000,0.500000000000
1367748853,124.509240000000,0.208705840000
1367748853,124.509230000000,0.094968030000
1367748898,124.509230000000,0.196326130000
1367758306,126.450990000000,0.021000000000
1367758434,132.516510000000,0.019900000000
1367758439,132.516510000000,0.000018560000
1367810841,143.410390000000,0.280700000000
1367819551,140.584040000000,1.466507220000
1367820369,144.356640000000,0.104700000000
1367825832,144.300000000000,0.120000000000
1367825850,144.300000000000,0.010802470000
1367828044,144.300000000000,0.487546150000
1367829770,144.300000000000,0.295000000000
1367830572,144.300000000000,0.017051380000
1367850226,139.999000000000,2.000000000000
1367850226,140.000000000000,2.000000000000
1367875724,126.570000000000,4.400000000000
1367894605,127.000000000000,2.588100000000
1367896641,119.634220000000,0.009940000000
1367896671,119.634220000000,0.009940000000
1367896702,123.871660000000,0.010000000000
1367902806,125.000000000000,3.616000000000
1367998802,135.000000000000,0.997000000000
1368052620,135.000000000000,0.099500000000
1368052620,136.509910000000,4.320043460000
1368052620,136.525820000000,6.049708030000
1368052620,136.618380000000,0.010000000000
1368052620,136.684940000000,0.100000000000
1368052620,136.796320000000,0.010349150000
1368052620,136.812240000000,0.018000000000
1368052620,136.828150000000,0.000834130000
1368052620,136.828150000000,0.100000000000
1368052620,136.844060000000,4.106365230000
1368052751,136.844060000000,14.630800000000
1368099747,129.810690000000,0.000001470000
1368099833,135.783170000000,0.000001320000
1368099867,130.134070000000,0.000001310000
1368105987,136.697400000000,0.010000000000
1368105989,136.697410000000,1.000000000000
1368105996,136.697410000000,10.953514400000
1368106025,136.697410000000,0.796753420000
1368106138,136.697410000000,0.116735200000
1368106172,136.697410000000,0.068807450000
1368106176,136.697410000000,0.039220150000
1368118780,130.793310000000,0.250000000000
1368118780,130.736430000000,0.750000000000
1368140481,131.431070000000,0.011218670000
1368156703,132.057650000000,0.096256040000
1368171763,135.000000000000,0.226610220000
1368175237,136.830000000000,1.594804000000
1368176936,139.600000000000,0.950000000000
1368177206,136.207440000000,0.023389780000
1368178739,140.000000000000,0.008338780000
1368179154,138.074580000000,0.141562100000
1368179396,138.074580000000,0.431009300000
1368189215,140.000000000000,0.091161220000
1368189215,140.000000000000,0.952588750000
1368246053,143.638850000000,0.030816050000
1368246053,143.638860000000,7.993962210000
1368246987,137.178430000000,0.500004280000
1368258404,136.098300000000,0.057500000000
1368264487,136.723860000000,0.044800000000
1368264487,136.111640000000,0.111400000000
1368264488,136.098300000000,0.157425800000
1368362989,138.000000000000,0.950000000000
1368393531,135.372910000000,0.099500000000
1368400906,135.439980000000,0.099500000000
1368422110,140.000000000000,0.400000000000
1368454301,141.371240000000,0.089000000000
1368525556,143.211000000000,2.000000000000
1368529539,143.211000000000,2.081625940000
1368561313,143.211000000000,3.968374060000
1368568989,134.844270000000,1.000000000000
1368574007,133.000000000000,0.099500000000
1368576808,133.000000000000,0.300500000000
1368577044,130.000000000000,0.258200000000
1368577524,128.537100000000,0.029000000000
1368581573,132.654970000000,0.592400000000
1368598901,135.279610000000,1.431500000000
1368598901,134.510980000000,0.768500000000
1368660385,135.045530000000,5.453256180000
1368660911,139.653640000000,0.750000000000
1368660911,141.108030000000,0.010200000000
1368660911,141.449000000000,4.424490160000
1368661819,138.691480000000,3.599000000000
1368689120,140.709720000000,0.010000000000
1368689121,141.576260000000,1.580549660000
1368689121,141.592310000000,0.120888400000
1368689121,141.624420000000,0.154300080000
1368703547,140.000000000000,0.016977400000
1368703991,140.000000000000,6.803022600000
1368730900,136.890390000000,0.099500000000
1368740417,137.548510000000,0.531307770000
1368740418,137.520020000000,2.473897810000
1368771378,145.159530000000,0.016303570000
1368772471,145.159530000000,0.043775660000
1368772471,145.727670000000,0.782924340000
1368773196,140.811090000000,0.407620200000
1368773196,140.252660000000,0.414119600000
1368775660,139.879000000000,0.400000000000
1368782746,139.999740000000,0.010000000000
1368782768,145.727670000000,0.017271530000
1368811510,150.000000000000,2.000000000000
1368811510,150.000000000000,0.020000000000
1368861757,153.034000000000,0.010000000000
1368888177,147.934220000000,0.010000000000
1368888178,147.934190000000,0.190000000000
1368938892,149.209090000000,0.099500000000
1368944287,149.209090000000,0.728465840000
1368944287,148.415540000000,0.010000000000
1368944288,147.939120000000,26.105534160000
1368952636,153.705500000000,1.000000000000
1368956516,147.951220000000,0.010000000000
1368956516,147.951200000000,0.159750640000
1368956516,147.951180000000,0.259051550000
1369000368,146.370440000000,2.146314990000
1369000368,146.370430000000,1.000000000000
1369000368,146.273900000000,7.843000000000
1369000368,146.249760000000,0.010000000000
1369000368,146.153230000000,14.596902620000
1369117039,148.000000000000,2.027000000000
1369119680,148.000000000000,0.099500000000
1369157821,148.000000000000,0.260000000000
1369161842,148.000000000000,0.110000000000
1369204978,148.000000000000,0.986947020000
1369264196,148.000000000000,0.099500000000
1369284373,154.416770000000,0.050000000000
1369286046,149.059450000000,0.180000000000
1369291846,148.797480000000,0.059515940000
1369294837,154.494220000000,6.334900000000
1369294840,154.494220000000,0.058543090000
1369328869,151.764110000000,0.076600000000
1369391146,155.000000000000,0.040000000000
1369396340,155.000000000000,1.960000000000
1369396340,155.000000000000,0.030000000000
1369396725,154.439330000000,0.099500000000
1369420561,160.000000000000,2.000000000000
1369420690,160.670040000000,2.572571400000
1369423624,160.081630000000,0.144772830000
1369478904,165.000000000000,0.500000000000
1369487200,156.778740000000,0.010000000000
1369496658,164.258170000000,1.000000000000
1369497968,156.889040000000,0.742796190000
1369497969,156.873490000000,0.377203810000
1369497972,156.873490000000,0.004750600000
1369522561,157.658160000000,6.755621600000
1369605298,162.488910000000,0.099500000000
1369614304,161.646310000000,0.010000000000
1369614304,160.328400000000,0.187543830000
1369625343,165.000000000000,1.500000000000
1369626165,162.344660000000,0.023431420000
1369631034,162.019490000000,0.494706930000
1369641321,169.537010000000,1.000000000000
1369647790,169.268340000000,0.043200000000
1369647791,169.268360000000,0.058000000000
1369647791,169.537000000000,4.972500000000
1369647791,169.537010000000,4.273813710000
1369647791,169.771470000000,0.011928000000
1369647791,169.912020000000,0.362915840000
1369647791,169.931110000000,2.000000000000
1369647791,170.000000000000,2.000000000000
1369647791,170.021560000000,12.500000000000
1369647791,170.119560000000,1.000000000000
1369647791,170.213500000000,4.709090000000
1369647791,170.222380000000,0.011928000000
1369647791,170.222380000000,0.011928000000
1369647791,170.222380000000,0.011928000000
1369647791,170.222380000000,0.011928000000
1369647791,170.222380000000,0.011928000000
1369647791,170.222380000000,0.011928000000
1369647791,170.222380000000,0.011928000000
1369647791,170.305070000000,4.497250000000
1369647791,170.373490000000,0.010000000000
1369647791,170.385100000000,0.092400000000
1369647791,170.503910000000,2.645541650000
1369647791,170.629690000000,0.178911930000
1369647791,170.629690000000,2.300000000000
1369647791,170.629690000000,1.000000000000
1369647791,170.714900000000,9.639377430000
1369647791,170.714900000000,6.800000000000
1369647792,170.714900000000,0.023622650000
1369647792,170.714900000000,1.000000000000
1369647792,170.714900000000,0.246592860000
1369647792,170.728050000000,1.372985980000
1369647792,170.808560000000,0.341416260000
1369647792,170.810630000000,0.250000000000
1369647792,170.820060000000,8.167810460000
1369647792,170.885780000000,10.000000000000
1369647792,170.885780000000,0.300000000000
1369647792,170.885780000000,2.000000000000
1369647792,170.885780000000,1.000000000000
1369647792,170.903560000000,4.728550000000
1369647792,170.967810000000,1.000000000000
1369647792,170.967810000000,0.020000000000
1369647792,170.995810000000,0.050000000000
1369647792,171.032920000000,0.089400000000
1369647792,171.056330000000,6.183920560000
1369647792,171.056330000000,0.050000000000
1369647792,171.061390000000,0.351398540000
1369647792,171.068980000000,0.040000000000
1369647792,171.081610000000,0.010000000000
1369647792,171.081620000000,0.040000000000
1369647792,171.094270000000,0.010000000000
1369647792,171.094270000000,0.282475990000
1369647792,171.094270000000,0.939251000000
1369647793,171.095520000000,2.697000000000
1369647793,171.106160000000,0.010000000000
1369647793,171.119550000000,0.029999990000
1369647793,171.119560000000,0.010000000000
1369647793,171.119560000000,0.020000000000
1369647793,171.132210000000,0.010000000000
1369647793,171.132210000000,0.029999990000
1369647793,171.144850000000,0.019880000000
1369647793,171.156230000000,4.972500000000
1369647793,171.157500000000,0.045000000000
1369647793,171.157500000000,58.000000000000
1369647793,171.170140000000,0.040000000000
1369647793,171.171380000000,0.074512740000
1369647793,171.182790000000,0.020000000000
1369647793,171.182790000000,0.040000000000
1369647793,171.187850000000,0.351398540000
1369647793,171.194730000000,0.010000000000
1369647793,171.197340000000,0.065400000000
1369647793,171.204290000000,0.010000000000
1369647793,171.208070000000,0.040000000000
1369647793,171.208080000000,0.020000000000
1369647793,171.217080000000,0.470000000000
1369647793,171.220570000000,0.040000000000
1369647793,171.220720000000,3.000000000000
1369647793,171.220720000000,0.297845000000
1369647793,171.220720000000,0.010000000000
1369647793,171.220720000000,0.050000000000
1369647793,171.220720000000,4.939233000000
1369647793,171.220720000000,0.029999990000
1369647793,171.221060000000,0.100000000000
1369647793,171.223300000000,0.010000000000
1369647793,171.223300000000,0.010000000000
1369647794,171.224370000000,0.010000000000
1369647794,171.227050000000,0.010000000000
1369647794,171.227050000000,0.010000000000
1369647794,171.233370000000,0.010000000000
1369647794,171.238430000000,15.000000000000
1369647794,171.239010000000,0.041100000000
1369647794,171.244430000000,3.500000000000
1369647794,171.245310000000,0.040000000000
1369647794,171.245710000000,0.040000000000
1369647794,171.246000000000,0.040000000000
1369647794,171.246020000000,0.029999990000
1369647794,171.248900000000,1.956646400000
1369647794,171.258510000000,0.040000000000
1369647794,171.258660000000,0.029999990000
1369647794,171.265890000000,0.020350240000
1369647794,171.270850000000,0.111100000000
1369647794,171.270850000000,12.500000000000
1369647794,171.270850000000,1.672115320000
1369647794,171.270850000000,10.000000000000
1369647794,171.270850000000,3.050530000000
1369647794,171.278200000000,0.946974630000
1369647794,171.283950000000,0.020000000000
1369647794,171.283950000000,2.667174980000
1369647794,171.283950000000,0.010039920000
1369647794,171.287580000000,2.980000000000
1369647794,171.299700000000,0.074456930000
1369647794,171.302780000000,3.722533380000
1369647794,171.307090000000,1.000000000000
1369647794,171.309100000000,53.822965090000
1369667664,162.603200000000,0.010000000000
1369667672,168.071510000000,0.018888680000
1369675176,167.302220000000,0.079784870000
1369675244,162.603200000000,0.159091030000
1369680384,162.603200000000,174.157908970000
1369680414,162.000000000000,4.459700000000
1369680842,165.024370000000,1.814000000000
1369692077,164.031720000000,0.108000000000
1369723016,154.962250000000,0.159639150000
1369738557,157.739160000000,0.231800000000
1369741665,157.739160000000,0.099500000000
1369807313,155.000000000000,1.000000000000
1369807313,154.718010000000,1.580600000000
1369809588,162.532520000000,2.000000000000
1369809588,162.734410000000,3.969997530000
1369809588,162.759560000000,0.101436430000
1369913361,158.159790000000,0.099500000000
1369917710,159.000000000000,0.316419230000
1369999298,160.000000000000,0.067688080000
1370046148,163.800000000000,0.088585900000
1370050422,163.800000000000,70.000000000000
1370050538,163.800000000000,0.300000000000
1370050594,163.800000000000,67.611414100000
1370053932,160.000000000000,0.042667280000
1370055816,165.727940000000,0.148373350000
1370059362,160.000000000000,0.099500000000
1370161696,160.000000000000,0.790144640000
1370161986,155.000000000000,1.000000000000
1370178747,155.987210000000,0.010000000000
1370186056,150.575520000000,2.722900000000
1370186071,150.000000000000,1.000000000000
1370186200,148.000000000000,13.513500000000
1370187872,147.821920000000,0.087019840000
1370190904,146.100880000000,0.149900000000
1370191487,149.745230000000,0.000020000000
1370191487,149.975390000000,0.145131260000
1370203463,150.000000000000,2.000000000000
1370217317,156.759130000000,0.916424970000
1370217317,156.769160000000,0.083575030000
1370243215,146.781710000000,0.099500000000
1370245455,149.590850000000,1.000000000000
1370307712,155.428960000000,0.806689820000
1370369607,151.000000000000,1.467137980000
1370417011,151.000000000000,0.053355340000
1370426967,151.000000000000,1.479506680000
1370434747,151.000000000000,0.010000000000
1370437582,151.000000000000,0.406700000000
1370501786,151.000000000000,0.099500000000
1370559971,151.000000000000,1.550500000000
1370574123,147.142700000000,0.251073020000
1370584101,151.582080000000,3.380000000000
1370601186,145.000000000000,0.099500000000
1370602015,145.000000000000,0.900500000000
1370621189,140.000000000000,1.000000000000
1370637609,140.000000000000,44.139159750000
1370645915,142.398020000000,2.419075070000
1370645915,142.694280000000,5.005235310000
1370655764,141.000000000000,3.362095670000
1370679053,142.301340000000,1.000000000000
1370731721,137.000000000000,1.318300000000
1370734027,137.000000000000,6.098837970000
1370734179,137.000000000000,0.405856360000
1370742058,137.000000000000,0.500000000000
1370753305,139.003540000000,4.900000000000
1370755476,135.000000000000,0.031723400000
1370755476,133.866110000000,0.138188400000
1370775009,118.851540000000,0.424832300000
1370775009,118.851550000000,0.424832300000
1370775009,118.851560000000,2.298209550000
1370775009,118.939820000000,0.010463960000
1370775009,118.982430000000,1.000000000000
1370775009,119.109080000000,0.424832300000
1370775009,119.109100000000,3.980829590000
1370805514,125.991870000000,0.004736340000
1370843809,133.427310000000,0.082166270000
1370949102,138.244360000000,0.010000000000
1370949102,138.244360000000,0.010000000000
1370949102,138.244360000000,0.010000000000
1370949102,138.244360000000,0.010000000000
1370949102,138.244360000000,0.010000000000
1370949102,138.244360000000,0.010000000000
1370949102,138.244360000000,0.010000000000
1370949102,138.244360000000,0.010000000000
1370949102,138.244360000000,0.010000000000
1370949103,138.244370000000,0.010000000000
1370949104,138.244370000000,0.010000000000
1370949109,138.244370000000,4.890000000000
1370950242,138.119930000000,1.000000000000
1371016113,140.500000000000,11.000000000000
1371027937,143.694070000000,0.600000000000
1371096278,141.387870000000,3.523300000000
1371160625,133.000000000000,1.000000000000
1371339188,126.894120000000,22.617141660000
1371339203,126.894120000000,0.058600000000
1371340083,126.894120000000,0.966058340000
1371360747,126.342170000000,0.585000000000
1371449940,128.225360000000,0.391779900000
1371554475,132.274300000000,0.010000000000
1371554475,132.274310000000,7.161500000000
1371562676,135.051960000000,3.000000000000
1371661181,132.396920000000,0.727000000000
1371681959,134.229430000000,0.250000000000
1371709614,139.175620000000,0.188000000000
1371770898,136.211370000000,0.180963580000
1371770898,136.211360000000,0.691235870000
1371770898,136.121390000000,0.910000000000
1371770898,136.028530000000,80.645200000000
1371770898,135.882260000000,1.910000000000
1371770898,135.882260000000,1.910000000000
1371770898,135.784760000000,1.243758880000
1371770898,135.784750000000,89.676800000000
1371770898,135.556020000000,4.921300000000
1371770898,135.554800000000,0.020100000000
1371770898,135.504760000000,1.666666660000
1371770898,135.420410000000,0.020100000000
1371770898,135.378390000000,0.020100000000
1371770899,135.345950000000,0.010000000000
1371770899,135.337790000000,0.008850000000
1371770899,135.310600000000,3.000000000000
1371770899,135.297200000000,0.017727160000
1371770899,135.285000000000,0.010000000000
1371770899,135.273180000000,6.660000000000
1371770899,135.153500000000,1.000000000000
1371770899,134.954560000000,0.200000000000
1371770899,134.907150000000,0.010000000000
1371770899,134.844320000000,0.500000000000
1371770899,134.744900000000,5.899520000000
1371770899,134.699920000000,0.050000000000
1371770899,134.687770000000,0.042019930000
1371770899,134.687770000000,0.031514950000
1371770899,134.687770000000,0.031514950000
1371770899,134.687770000000,0.023636210000
1371770899,134.687770000000,0.017727160000
1371770899,134.687770000000,0.026590740000
1371770899,134.687770000000,0.019943060000
1371770899,134.687770000000,0.010000000000
1371770899,134.687770000000,0.010000000000
1371770899,134.687770000000,0.010000000000
1371770899,134.687770000000,0.010000000000
1371770900,134.687740000000,0.010000000000
1371770900,134.687740000000,1.000000000000
1371770900,134.626800000000,0.043000000000
1371770900,134.565860000000,0.010000000000
1371770900,134.547570000000,0.250000000000
1371770900,134.547570000000,0.250000000000
1371770900,134.547570000000,0.250000000000
1371770900,134.547570000000,0.250000000000
1371770900,134.547570000000,0.250000000000
1371770900,134.547570000000,0.250000000000
1371770900,134.541480000000,0.016261340000
1371770900,134.485180000000,0.092630000000
1371770900,134.480530000000,0.010000000000
1371770900,134.456150000000,0.010000000000
1371770900,134.443970000000,0.010000000000
1371770900,134.431780000000,0.010000000000
1371770900,134.399260000000,0.010118210000
1371770900,134.395210000000,0.010000000000
1371770900,134.389130000000,1.666666660000
1371770900,134.383080000000,0.014061490000
1371770900,134.383030000000,0.042019930000
1371770900,134.322080000000,0.010000000000
1371770900,134.322080000000,0.010000000000
1371770900,134.322080000000,0.043000000000
1371770900,134.309890000000,0.010000000000
1371770900,134.297700000000,0.010000000000
1371770900,134.285510000000,0.010000000000
1371770900,134.273320000000,0.010000000000
1371770900,134.248940000000,0.010000000000
1371770901,134.224560000000,1.000000000000
1371770901,134.200190000000,0.010000000000
1371770901,134.103890000000,3.000000000000
1371770901,134.095400000000,0.011123520000
1371770901,134.090490000000,5.000000000000
1371770901,134.078300000000,3.215630000000
1371770901,134.078300000000,0.050300000000
1371770901,134.078300000000,0.203636360000
1371770901,134.078300000000,50.000000000000
1371770901,134.078300000000,1.000000000000
1371770901,134.017350000000,0.036000000000
1371770901,133.975720000000,0.252750000000
1371770901,133.860850000000,0.913000000000
1371770901,133.843310000000,3.427000000000
1371770901,133.843310000000,4.826000000000
1371770901,133.843310000000,4.836000000000
1371770901,133.834520000000,10.000000000000
1371770901,133.834480000000,1.036481330000
1371862449,137.927730000000,0.354570350000
1371862449,137.927720000000,0.010000000000
1371862449,137.902560000000,0.010000000000
1371862466,137.840000000000,0.516694720000
1371862533,137.840000000000,0.010000000000
1371862752,137.342240000000,0.851947940000
1371862752,137.342220000000,0.016184000000
1371862752,137.333460000000,0.050000000000
1371862752,137.319840000000,1.000000000000
1371862752,137.301030000000,0.063229830000
1371862752,137.245360000000,0.200000000000
1371862752,137.245360000000,0.200000000000
1371862752,137.245360000000,0.200000000000
1371862752,137.245360000000,0.200000000000
1371862752,137.245360000000,0.200000000000
1371862752,137.239060000000,3.314400130000
1371862752,137.195010000000,2.802938100000
1372087984,133.938900000000,0.464400000000
1372131148,135.000000000000,5.500000000000
1372155829,139.021800000000,0.000210890000
1372156096,139.021800000000,0.035609630000
1372156702,139.021800000000,1.000000000000
1372157446,139.021800000000,1.190000000000
1372157785,139.021800000000,23.389736170000
1372159080,139.021800000000,1.128197340000
1372159347,139.021800000000,0.100863910000
1372159438,139.021800000000,2.619083220000
1372159477,139.021800000000,3.970192060000
1372160030,139.021800000000,0.500000000000
1372160547,139.021800000000,1.066106780000
1372406626,128.391120000000,1.000000000000
1372424963,128.260260000000,1.495237610000
1372424963,128.260280000000,2.263235360000
1372424963,128.260280000000,11.801027030000
1372459368,122.263810000000,0.017368670000
1372717838,117.470520000000,6.282800000000
1372723083,113.000000000000,2.212400000000
1372724344,115.195450000000,5.000000000000
1372724403,116.484170000000,3.116000000000
1372785565,114.562960000000,1.090000000000
1372833367,117.453690000000,2.435000000000
1372891213,100.000000000000,0.011100000000
1372929153,103.600460000000,3.000000000000
1372929311,103.600460000000,5.076000000000
1372931084,100.000000000000,0.839938200000
1373045427,90.000000000000,0.011100000000
1373064459,90.990430000000,0.255951720000
1373064500,91.040220000000,0.017964970000
1373064557,91.099690000000,0.658920240000
1373081198,90.861900000000,0.266224300000
1373081198,90.865280000000,0.733775700000
1373081433,89.794060000000,1.000000000000
1373081471,90.865280000000,0.300000000000
1373103852,97.032430000000,0.100000000000
1373103852,97.126550000000,0.243525380000
1373250743,100.000000000000,2.560000000000
1373352200,97.028850000000,0.158098730000
1373382841,98.000000000000,0.061759970000
1373383063,98.000000000000,49.938240030000
1373411294,101.042050000000,0.010894670000
1373528245,111.700000000000,17.283874670000
1373530899,111.700000000000,1.634976940000
1373542329,111.700000000000,31.081148390000
1373605412,120.207440000000,0.349000000000
1373673027,122.000000000000,0.003200000000
1373673066,122.000000000000,30.168400000000
1373807227,125.000000000000,20.000000000000
1373813314,125.000000000000,10.396607940000
1373815159,125.000000000000,0.169000000000
1373815674,125.000000000000,0.112646770000
1373823935,125.000000000000,0.188372460000
1373823961,125.000000000000,3.454940890000
1373824081,125.000000000000,0.200000000000
1373824248,125.000000000000,5.478431940000
1373849786,124.334710000000,4.932100000000
1373849786,124.336020000000,22.139235130000
1373849786,124.336040000000,1.881264870000
1373909391,125.000000000000,0.100000000000
1373959472,123.705990000000,0.277905510000
1373959582,123.712330000000,0.069761490000
1373959582,123.706010000000,0.132326990000
1374041649,125.000000000000,0.600000000000
1374042657,128.866900000000,0.198782530000
1374042657,128.866900000000,2.576388890000
1374126962,123.000000000000,0.600000000000
1374210171,115.000000000000,0.010000000000
1374224238,116.209540000000,5.000000000000
1374224740,116.208280000000,0.010000000000
1374224794,116.208280000000,0.100000000000
1374224857,116.208280000000,0.070000000000
1374224889,116.208280000000,0.069400000000
1374224920,116.208280000000,0.012900000000
1374224940,116.208280000000,0.140000000000
1374226066,116.208280000000,0.597700000000
1374226067,115.000000000000,0.280000000000
1374239771,116.835460000000,5.000000000000
1374250191,118.000080000000,1.000000000000
1374326093,112.689820000000,0.500000000000
1374388517,112.000000000000,0.542584880000
1374389442,112.000000000000,0.010000000000
1374390371,112.000000000000,0.795428760000
1374390801,112.000000000000,4.651986360000
1374469986,115.000000000000,10.000000000000
1374474198,112.484720000000,0.545807020000
1374474215,112.000000000000,0.100000000000
1374474368,112.000000000000,9.454192980000
1374732967,120.173770000000,5.000000000000
1374733072,120.173770000000,0.455850000000
1374734825,120.173770000000,1.000000000000
1374735533,120.173770000000,5.000000000000
1374735779,120.173770000000,3.544150000000
1374788627,123.500180000000,0.010500000000
1374794056,123.855020000000,0.020800000000
1374811012,116.667630000000,0.655383790000
1374811108,122.601500000000,0.619900000000
1374962691,119.692690000000,7.657825790000
1374962691,119.692750000000,0.090000000000
1374962974,119.700000000000,2.000000000000
1374963000,119.734380000000,1.567093740000
1374963083,119.751260000000,18.685080470000
1375032905,119.143340000000,1.928399000000
1375032905,119.143330000000,0.100000000000
1375032905,119.143330000000,0.100000000000
1375032905,119.143330000000,0.100000000000
1375032905,119.131290000000,0.860503300000
1375032905,119.131290000000,0.505097700000
1375035694,119.080390000000,0.299220390000
1375054071,124.811180000000,6.520991620000
1375054071,124.811180000000,0.300000000000
1375054071,124.811180000000,10.000000000000
1375054071,124.811180000000,1.000000000000
1375054071,124.811180000000,3.000000000000
1375054072,124.811180000000,0.693621560000
1375054072,124.811180000000,0.100000000000
1375054072,124.811180000000,0.100000000000
1375054072,124.811180000000,0.040000000000
1375054072,124.811180000000,10.000000000000
1375054072,124.811180000000,18.245386820000
1375054397,124.816870000000,3.605300000000
1375054415,124.816870000000,0.200300000000
1375054447,124.816870000000,0.014100000000
1375115062,121.576810000000,0.082800000000
1375124569,121.853300000000,0.079000000000
1375247308,134.650790000000,0.010000000000
1375247308,134.245900000000,0.064770000000
1375253346,132.618810000000,1.000000000000
1375288032,129.276080000000,0.046000000000
1375326492,136.261430000000,0.000022380000
1375407384,127.345620000000,0.250000000000
1375432607,129.108140000000,0.010000000000
1375432607,129.091590000000,1.420761430000
1375436951,130.000000000000,1.500679890000
1375436975,130.000000000000,3.960086580000
1375437003,130.000000000000,4.019216500000
1375437026,130.000000000000,0.450277030000
1375523531,128.267090000000,1.469790000000
1375577205,132.000000000000,0.240000000000
1375611976,129.209830000000,0.099000000000
1375612058,134.036180000000,0.094000000000
1375675518,136.270110000000,0.006016870000
1375682863,135.292170000000,1.808456460000
1375690282,132.181750000000,0.016000000000
1375690282,132.181750000000,0.016000000000
1375690282,131.314580000000,0.016000000000
