1316353287,5.846060000000,0.212000000000
1317404691,6.577090000000,0.020000000000
1317883547,6.400000000000,0.020300000000
1318168954,5.178290000000,0.100000000000
1318487820,5.221070000000,0.100000000000
1318673153,5.114160000000,0.341530180000
1318863081,3.000000000000,50.000000000000
1318936062,3.466100000000,0.149730240000
1321285946,3.000000000000,610.000000000000
1323086249,3.662980000000,0.000714280000
1326067001,8.986690000000,0.500000000000
1326721714,9.196920000000,3.000000000000
1326721742,9.196920000000,3.000000000000
1326727674,9.056650000000,0.862181930000
1327380013,8.208100000000,1.015519670000
1327380034,8.211580000000,2.294107230000
1327380034,8.213370000000,0.040000000000
1327380035,8.213370000000,28.100000000000
1327380035,8.214860000000,3.565892770000
1327391991,8.165530000000,10.000000000000
1329986550,5.981000000000,3.000000000000
1330487509,6.250200000000,0.714599530000
1330889807,6.254510000000,0.018045860000
1330889807,6.254520000000,2.833545970000
1331905322,6.684940000000,0.035101770000
1332679418,5.800000000000,621.609515010000
1332679442,5.800000000000,19.581561160000
1332679459,5.800000000000,50.000000000000
1332679461,5.800000000000,150.000000000000
1332679462,5.800000000000,17.808923830000
1332685048,5.754660000000,0.137200000000
1334898443,6.376550000000,0.010000000000
1334898446,6.376550000000,0.010000000000
1334898447,6.376550000000,0.010000000000
1335627378,6.168760000000,0.019871800000
1335627378,6.165950000000,0.010976410000
1335713969,6.082170000000,0.043649080000
1336600318,6.256510000000,0.028942770000
1336600321,6.256510000000,0.028942770000
1336623663,6.285010000000,0.013494280000
1336629316,6.305690000000,0.023996600000
1336712320,6.226370000000,0.028645940000
1336712324,6.195390000000,0.050940490000
1336712326,6.164720000000,0.059237070000
1336740478,6.206640000000,0.028151310000
1336936697,6.353950000000,0.027353060000
1337520608,6.392300000000,0.020983280000
1337520716,6.387390000000,0.172200000000
1337520888,6.639950000000,0.182200000000
1338343490,6.743500000000,25.000000000000
1338354022,6.691620000000,1.034380760000
1338354043,6.739180000000,1.191661300000
1340163556,8.386830000000,11.923456180000
1340328957,8.680170000000,0.023400000000
1340805833,8.246420000000,0.021000000000
1341476748,8.470000000000,0.110433400000
1342807147,10.897990000000,0.010000000000
1342807148,11.010340000000,0.076900000000
1343651601,11.266780000000,0.100000000000
1343651619,11.266780000000,17.651300540000
1344320673,13.771320000000,2.904587210000
1344401339,13.886170000000,70.000000000000
1344486764,13.855640000000,70.000000000000
1344610122,14.300230000000,12.370000000000
1344610122,14.300260000000,1.615785300000
1344658067,14.077030000000,0.010000000000
1344885128,14.550000000000,14.085276820000
1344905728,15.320050000000,10.000100000000
1344910354,15.307450000000,0.000010000000
1344910359,15.307450000000,0.000010000000
1344910441,15.307450000000,0.000010000000
1344910701,15.307450000000,20.000000000000
1344910753,15.307450000000,18.000000000000
1344910755,15.307450000000,0.010010000000
1344910758,15.307450000000,2.260000000000
1344910758,15.307450000000,1.250000000000
1344910758,15.307450000000,0.010010000000
1344910770,15.307450000000,0.010010000000
1344910787,15.307450000000,3.000000000000
1344910823,15.307450000000,0.100000000000
1344910883,15.307450000000,1.165800000000
1344910954,15.307450000000,0.010010000000
1344911006,15.307450000000,59.522818200000
1344911177,15.307450000000,2.899652920000
1344911178,15.307450000000,75.000000000000
1344911202,15.307450000000,0.172805000000
1344911280,15.307450000000,3.230000000000
1344911286,15.307450000000,0.820000000000
1344911591,15.307450000000,0.538422720000
1344911890,15.307450000000,0.000010000000
1344911900,15.307450000000,12.000421160000
1344999295,15.640000000000,200.000000000000
1345103275,16.983200000000,53.738161340000
1345103276,16.983200000000,7.601000000000
1345103276,16.983200000000,6.039000000000
1345103276,16.983200000000,110.000000000000
1345103276,16.987600000000,0.017101900000
1345103276,16.996010000000,0.200000000000
1345103277,17.008820000000,0.200000000000
1345103277,17.021640000000,8.762531630000
1345103277,17.021640000000,0.200000000000
1345103277,17.031030000000,125.507340040000
1345103277,17.033060000000,6.688000000000
1345103277,17.033160000000,11.046865090000
1345552131,12.968370000000,17.762240940000
1345552131,12.974570000000,100.000000000000
1345552131,12.975730000000,11.006729310000
1345552131,12.987570000000,166.000000000000
1345552131,13.001460000000,8.013899810000
1345552131,13.001460000000,19.990000000000
1345552132,13.027040000000,0.112500000000
1345552132,13.027040000000,0.112890000000
1345552132,13.027170000000,0.350000000000
1345552133,13.027180000000,0.020064310000
1345552133,13.027180000000,0.061451440000
1345552134,13.032130000000,0.112490000000
1345552134,13.037510000000,33.992300000000
1345552134,13.038790000000,0.112440000000
1345552134,13.039190000000,0.074910000000
1345552136,13.039190000000,1.071690000000
1345552136,13.039190000000,0.023030000000
1345552136,13.039690000000,1.540562770000
1345552136,13.039720000000,50.000000000000
1345552136,13.039910000000,50.000000000000
1345552136,13.040030000000,0.350000000000
1345552136,13.040040000000,0.323423830000
1345552136,13.040040000000,0.010782350000
1345552136,13.040040000000,10.000000000000
1345552136,13.040470000000,45.058695240000
1345638790,12.659560000000,17.378171120000
1346761520,13.365200000000,1.674673210000
1346761520,13.365200000000,10.000000000000
1346761520,13.365200000000,3.289562440000
1346930449,13.732830000000,35.000000000000
1347349517,14.059040000000,1.000000000000
1347360001,14.045930000000,0.057600000000
1347360001,14.045930000000,0.363200000000
1347360001,14.045930000000,0.359600000000
1347360001,14.073130000000,0.397600000000
1347360002,14.116470000000,1.265380000000
1347360002,14.116470000000,0.022350000000
1347360002,14.117490000000,0.565200000000
1347360002,14.117490000000,0.559600000000
1347360002,14.118300000000,0.570900000000
1347360002,14.118460000000,0.582500000000
1347360002,14.118460000000,0.576700000000
1347360002,14.118620000000,0.588400000000
1347360002,14.150110000000,1.645000000000
1347360002,14.150110000000,0.029040000000
1347360002,14.151480000000,5.417383900000
1347424953,14.059660000000,0.000147300000
1347425060,14.131030000000,25.000000000000
1347425325,14.121300000000,2.047900000000
1347425456,14.142220000000,3.315922680000
1347425569,14.142230000000,44.890000000000
1347425625,14.142230000000,1.369914150000
1347425734,14.142230000000,0.424163170000
1347429174,14.079900000000,10.000000000000
1347429181,14.079900000000,5.000000000000
1347429975,14.079900000000,5.000000000000
1347443529,14.158370000000,0.250000000000
1347443547,14.158370000000,1.000000000000
1347443808,14.158370000000,12.875920030000
1347457556,14.186140000000,74.310500000000
1347457792,14.186140000000,0.880000000000
1347457803,14.186140000000,4.309500000000
1347812279,14.154260000000,0.011300000000
1347948453,14.819500000000,0.200000000000
1347948453,14.819500000000,0.200000000000
1347948453,14.819500000000,0.200000000000
1347948453,14.819500000000,0.200000000000
1347948453,14.819500000000,0.200000000000
1347948453,14.819500000000,0.200000000000
1347948453,14.819500000000,0.200000000000
1347948453,14.819500000000,0.200000000000
1347948453,14.819500000000,0.200000000000
1347948454,14.819500000000,0.200000000000
1347948454,14.819500000000,0.200000000000
1347948454,14.819500000000,0.200000000000
1347948454,14.821640000000,0.200000000000
1347948454,14.821640000000,0.200000000000
1347948454,14.825740000000,0.200000000000
1347948454,14.825740000000,0.200000000000
1347948454,14.825740000000,0.200000000000
1347948454,14.825740000000,0.200000000000
1347948454,14.827710000000,0.263300000000
1347948454,14.827710000000,0.260600000000
1347948454,14.827710000000,0.258000000000
1347948454,14.827710000000,0.255400000000
1347948454,14.827710000000,0.252900000000
1347948455,14.827710000000,0.250400000000
1347948455,14.827710000000,0.247900000000
1347948455,14.827710000000,0.245400000000
1347948455,14.827710000000,0.242900000000
1347948455,14.827710000000,0.240500000000
1347948455,14.827710000000,0.238100000000
1347948455,14.827710000000,0.235700000000
1347948455,14.827710000000,0.233400000000
1347948455,14.827710000000,0.231000000000
1347948455,14.827710000000,0.228700000000
1347948455,14.827710000000,0.226400000000
1347948455,14.827710000000,0.224200000000
1347948455,14.827710000000,0.221900000000
1347948455,14.827710000000,0.219700000000
1347948455,14.827710000000,0.217500000000
1347948455,14.827710000000,0.215300000000
1347948455,14.827710000000,0.213200000000
1347948455,14.827710000000,0.211000000000
1347948455,14.827710000000,0.208900000000
1347948455,14.827710000000,0.206800000000
1347948456,14.827710000000,0.204800000000
1347948456,14.827710000000,0.202700000000
1347948456,14.827710000000,0.200700000000
1347948456,14.827710000000,0.200000000000
1347948456,14.827710000000,0.200000000000
1347948456,14.827710000000,0.200000000000
1347948456,14.827710000000,0.200000000000
1347948456,14.827710000000,0.200000000000
1347948456,14.827710000000,0.200000000000
1347948456,14.827710000000,0.200000000000
1347948456,14.827710000000,0.200000000000
1347948456,14.827710000000,0.200000000000
1347948456,14.827710000000,0.200000000000
1347948456,14.827710000000,0.200000000000
1347948456,14.827710000000,0.200000000000
1347948456,14.860550000000,1.430000000000
1347948456,14.901600000000,0.200000000000
1347948457,14.901600000000,0.200000000000
1347948457,14.901600000000,0.200000000000
1347948457,14.901600000000,0.200000000000
1347948457,14.901600000000,0.200000000000
1347948457,14.901600000000,0.200000000000
1347948457,14.901600000000,0.200000000000
1347948457,14.901600000000,0.200000000000
1347948457,14.901600000000,0.200000000000
1347948457,14.901600000000,0.200000000000
1347948457,14.901600000000,0.200000000000
1347948457,14.901600000000,0.200000000000
1347948457,14.903740000000,0.200000000000
1347948457,14.903740000000,0.200000000000
1347948457,14.907840000000,0.200000000000
1347948457,14.907840000000,0.200000000000
1347948457,14.907840000000,0.200000000000
1347948457,14.907840000000,0.200000000000
1347948457,14.909810000000,0.207600000000
1347948457,14.909810000000,0.297000000000
1347948457,14.909810000000,0.294000000000
1347948458,14.909810000000,0.291100000000
1347948458,14.909810000000,0.288200000000
1347948458,14.909810000000,0.285300000000
1347948458,14.909810000000,0.282400000000
1347948458,14.909810000000,0.279600000000
1347948458,14.909810000000,0.276800000000
1347948458,14.909810000000,0.274100000000
1347948458,14.909810000000,0.271300000000
1347948458,14.909810000000,0.268600000000
1347948458,14.909810000000,0.265900000000
1347948458,14.909810000000,0.263300000000
1347948458,14.909810000000,0.260600000000
1347948458,14.909810000000,0.258000000000
1347948458,14.909810000000,0.255400000000
1347948458,14.909810000000,0.252900000000
1347948458,14.909810000000,0.250400000000
1347948458,14.909810000000,0.247900000000
1347948458,14.909810000000,0.245400000000
1347948458,14.909810000000,0.242900000000
1347948458,14.909810000000,0.240500000000
1347948458,14.909810000000,0.238100000000
1347948458,14.909810000000,0.235700000000
1347948458,14.909810000000,0.233400000000
1347948459,14.909810000000,0.231000000000
1347948459,14.909810000000,0.228700000000
1347948459,14.909810000000,0.226400000000
1347948459,14.909810000000,0.224200000000
1347948459,14.909810000000,0.221900000000
1347948459,14.909810000000,0.219700000000
1347948459,14.909810000000,0.217500000000
1347948459,14.909810000000,0.215300000000
1347948459,14.909810000000,0.213200000000
1347948459,14.909810000000,0.211000000000
1347948459,14.909810000000,0.208900000000
1347948459,14.909810000000,0.206800000000
1347948459,14.909810000000,0.204800000000
1347948459,14.909810000000,0.202700000000
1347948459,14.909810000000,0.200700000000
1347948459,14.909810000000,0.200000000000
1347948459,14.909810000000,0.200000000000
1347948459,14.909810000000,0.200000000000
1347948459,14.909810000000,0.200000000000
1347948459,14.909810000000,0.200000000000
1347948460,14.909810000000,0.200000000000
1347948460,14.909810000000,0.200000000000
1347948460,14.909810000000,0.200000000000
1347948460,14.909810000000,0.200000000000
1347948460,14.909810000000,0.200000000000
1347948460,14.909810000000,0.200000000000
1347948460,14.909810000000,0.200000000000
1347948460,14.914080000000,0.401500000000
1347948460,14.914080000000,0.381800000000
1347948460,14.922290000000,0.397500000000
1347948460,14.922290000000,0.393500000000
1347948460,14.922290000000,0.389600000000
1347948460,14.922290000000,0.385700000000
1347948460,14.926230000000,22.434838680000
1347948460,14.939370000000,5.690976920000
1348030710,15.042660000000,0.017509580000
1348048094,15.524960000000,0.010240280000
1348199109,15.424190000000,0.011839580000
1348209553,15.532980000000,12.800000000000
1348209586,15.532980000000,0.064072700000
1348632060,14.472910000000,0.273150000000
1348632060,14.472910000000,0.679390000000
1348632060,14.471840000000,0.047260000000
1348677108,14.832670000000,14.767403710000
1348677123,14.832670000000,0.014960560000
1348677133,14.832670000000,0.014960560000
1348677197,14.778730000000,0.432590000000
1348677244,14.777410000000,5.575962160000
1348677244,14.722980000000,4.985039440000
1348677244,14.658820000000,4.005601940000
1348677245,14.585030000000,0.921810000000
1348677245,14.584960000000,0.010175560000
1348677246,14.569860000000,14.501410900000
1348678025,15.061300000000,0.251830230000
1348678026,15.345120000000,44.748169770000
1349168209,15.295080000000,0.065984210000
1349298319,15.726600000000,0.119872260000
1349298321,15.726600000000,0.119872260000
1349298323,15.726600000000,0.119596660000
1349298334,15.726600000000,0.086559390000
1349324072,16.002790000000,1.049852620000
1349324072,16.117920000000,0.334800000000
1349324072,16.122320000000,0.362800000000
1349324072,16.122320000000,0.359200000000
1349324072,16.122320000000,0.355600000000
1349324072,16.122320000000,0.352100000000
1349324072,16.122320000000,0.348500000000
1349324072,16.122320000000,0.345100000000
1349324072,16.122320000000,0.341600000000
1349324073,16.122320000000,0.338200000000
1349324073,16.125900000000,0.421900000000
1349324073,16.125900000000,0.417700000000
1349324073,16.125900000000,0.413500000000
1349324073,16.125900000000,0.409300000000
1349324073,16.125900000000,0.405300000000
1349324073,16.125900000000,0.401200000000
1349324073,16.125900000000,0.397200000000
1349324073,16.125900000000,0.393200000000
1349324073,16.125900000000,0.389300000000
1349324073,16.125900000000,0.385400000000
1349324073,16.125900000000,0.381500000000
1349324073,16.125900000000,0.377700000000
1349324073,16.125900000000,0.373900000000
1349324073,16.125900000000,0.370200000000
1349324073,16.125900000000,0.366500000000
1349324073,16.140470000000,2.317565100000
1349329360,15.726600000000,0.086559390000
1349329416,15.726600000000,0.186259140000
1349336140,16.065310000000,0.265651260000
1349719635,13.710270000000,1.000000000000
1349735604,14.516520000000,0.010142500000
1349735605,14.542300000000,0.010142310000
1349735605,14.568090000000,0.010141940000
1349735605,14.588900000000,0.025700000000
1349735605,14.588900000000,0.133700000000
1349735605,14.588900000000,0.133700000000
1349735605,14.588900000000,0.133700000000
1349735605,14.588900000000,0.133700000000
1349735605,14.588900000000,0.133700000000
1349735605,14.588900000000,0.133700000000
1349735605,14.593870000000,0.010141440000
1349735605,14.617790000000,0.093835540000
1349735606,14.619650000000,0.010098880000
1349735606,14.645440000000,0.010098020000
1349735606,14.649660000000,6.828798290000
1349735606,14.650600000000,0.040720000000
1349735607,14.670140000000,0.576100000000
1349735607,14.670650000000,0.133700000000
1349735607,14.670650000000,0.133700000000
1349735607,14.670650000000,0.133700000000
1349735607,14.670650000000,0.133700000000
1349735607,14.670650000000,0.133700000000
1349735607,14.670650000000,0.133700000000
1349735607,14.670650000000,0.133700000000
1349735607,14.671220000000,0.010097230000
1349735607,14.694440000000,0.292975540000
1349735607,14.695160000000,0.458160000000
1349735607,14.695970000000,0.008905410000
1349735608,14.697010000000,0.010095220000
1349735608,14.698450000000,0.010536690000
1349735608,14.714800000000,4.938679330000
1349735608,14.714800000000,63.000000000000
1349735608,14.714800000000,6.806531660000
1349739779,14.588900000000,0.133664320000
1349739779,14.608850000000,0.133700000000
1349739779,14.639920000000,0.133700000000
1349739779,14.639920000000,0.133700000000
1349739779,14.639920000000,0.133700000000
1349739779,14.639920000000,0.133700000000
1349739779,14.639920000000,0.133700000000
1349739779,14.639920000000,0.133700000000
1349739779,14.639920000000,0.133700000000
1349739779,14.639920000000,0.133700000000
1349739780,14.644980000000,0.133700000000
1349739780,14.649230000000,0.133700000000
1349739780,14.649230000000,0.133700000000
1349739780,14.649230000000,0.133700000000
1349739780,14.649230000000,0.133700000000
1349739780,14.653490000000,0.133700000000
1349739780,14.653490000000,0.133700000000
1349739780,14.653490000000,0.133700000000
1349739780,14.653490000000,0.133700000000
1349739781,14.653490000000,0.133700000000
1349739781,14.653490000000,0.133700000000
1349739781,14.661660000000,0.133700000000
1349739781,14.663460000000,0.133700000000
1349739781,14.663460000000,0.133700000000
1349739781,14.663460000000,0.133700000000
1349739781,14.663460000000,0.133700000000
1349739781,14.663460000000,0.133700000000
1349739781,14.663460000000,0.133700000000
1349739781,14.663460000000,0.133700000000
1349739781,14.663460000000,0.133700000000
1349739781,14.663460000000,0.133700000000
1349739781,14.663460000000,0.133700000000
1349739781,14.663460000000,0.133700000000
1349739781,14.663460000000,0.133700000000
1349739782,14.663460000000,0.133700000000
1349739782,14.670650000000,0.133700000000
1349739782,14.690600000000,0.133700000000
1349739782,14.695970000000,0.011123650000
1349739782,14.714800000000,3.193468340000
1349739782,14.714800000000,0.100000000000
1349739782,14.714800000000,0.010536250000
1349739782,14.716320000000,0.020043360000
1349739783,14.719100000000,0.026820000000
1349739783,14.721660000000,0.133700000000
1349739783,14.721660000000,0.133700000000
1349739783,14.721660000000,0.133700000000
1349739783,14.721660000000,0.133700000000
1349739783,14.721660000000,0.133700000000
1349739783,14.721660000000,0.133700000000
1349739783,14.721660000000,0.133700000000
1349739783,14.721660000000,0.133700000000
1349739783,14.722790000000,0.010094220000
1349739783,14.726730000000,0.133700000000
1349739783,14.727520000000,0.026800000000
1349739783,14.730980000000,0.133700000000
1349739783,14.730980000000,0.133700000000
1349739784,14.730980000000,0.133700000000
1349739784,14.730980000000,0.133700000000
1349739784,14.731130000000,1.000000000000
1349739784,14.731150000000,0.010456420000
1349739784,14.735230000000,0.133700000000
1349739784,14.735230000000,0.133700000000
1349739784,14.735230000000,0.133700000000
1349739784,14.735230000000,0.133700000000
1349739784,14.735230000000,0.133700000000
1349739784,14.735230000000,0.133700000000
1349739785,14.735950000000,0.026790000000
1349739785,14.736680000000,0.011020180000
1349739785,14.743410000000,0.133700000000
1349739785,14.744370000000,0.026770000000
1349739785,14.745210000000,0.133700000000
1349739785,14.745210000000,0.133700000000
1349739785,14.745210000000,0.133700000000
1349739785,14.745210000000,0.133700000000
1349739785,14.745210000000,0.133700000000
1349739786,14.745210000000,0.133700000000
1349739786,14.745210000000,0.133700000000
1349739786,14.745210000000,0.133700000000
1349739786,14.745210000000,0.133700000000
1349739786,14.745210000000,0.133700000000
1349739786,14.745210000000,0.133700000000
1349739786,14.745210000000,0.133700000000
1349739786,14.745210000000,0.133700000000
1349739786,14.747500000000,0.010452170000
1349739786,14.748570000000,0.010093350000
1349739786,14.752790000000,0.026760000000
1349739786,14.757030000000,0.020031090000
1349739787,14.761210000000,0.026740000000
1349739787,14.763850000000,0.010441050000
1349739787,14.769650000000,0.026730000000
1349739787,14.774360000000,0.010092450000
1349739787,14.777390000000,0.010494710000
1349739787,14.778070000000,0.015278440000
1349758962,14.663460000000,0.541425570000
1349758964,14.663460000000,0.011148860000
1349763391,14.663460000000,0.545124360000
1349782744,14.888670000000,0.137129130000
1350273801,14.439050000000,0.923038150000
1350414377,14.473440000000,0.802152200000
1351462403,13.049610000000,0.053061640000
1351494287,13.261290000000,10.000000000000
1351494324,13.261290000000,5.081489050000
1351721400,13.310910000000,0.027705750000
1351801084,13.271210000000,0.472291810000
1352183328,13.477300000000,0.020008070000
1352183328,13.503320000000,0.010236210000
1352183328,13.529340000000,0.010235610000
1352183328,13.537600000000,9.337201300000
1352183328,13.546600000000,5.386218810000
1352190599,13.530410000000,3.000000000000
1352190690,13.522410000000,0.680000000000
1352706683,13.666080000000,2.940300000000
1352706683,13.669980000000,1.000000000000
1352706684,13.673800000000,0.133700000000
1352706684,13.673800000000,0.133700000000
1352706684,13.675390000000,0.133700000000
1352706684,13.675390000000,0.133700000000
1352706684,13.675390000000,0.133700000000
1352706684,13.675390000000,0.133700000000
1352706684,13.675390000000,0.133700000000
1352706684,13.675390000000,0.133700000000
1352706684,13.675390000000,0.133700000000
1352706684,13.675390000000,0.133700000000
1352706684,13.682540000000,0.722700000000
1352824219,13.673080000000,1.330294270000
1353027089,13.733730000000,0.235862170000
1353027106,13.733730000000,0.235270210000
1353027112,13.733730000000,0.235260610000
1353027114,13.733730000000,0.234672320000
1353027124,13.733730000000,0.033435710000
1353059186,13.846920000000,0.024222430000
1353094849,14.300380000000,0.160144390000
1353097090,14.300380000000,0.051939290000
1353382813,14.396900000000,0.077733630000
1353415844,14.722900000000,13.590080750000
1353578588,14.745080000000,0.010488010000
1353916262,15.619880000000,0.010000000000
1353916266,15.629270000000,1.000000000000
1353916267,15.619890000000,0.010000000000
1353916272,15.619890000000,0.056716200000
1353916326,15.629270000000,10.000000000000
1353916330,15.619920000000,1.000000000000
1353916330,15.619890000000,0.923283800000
1353916377,15.619880000000,0.010000000000
1353916378,15.619880000000,3.225460940000
1353916378,15.629270000000,4.609416450000
1353916390,15.629280000000,2.155122610000
1353916480,15.636300000000,10.000000000000
1353916654,15.619910000000,0.010000000000
1353916654,15.636300000000,25.776594460000
1353916674,15.636300000000,0.010000000000
1353916676,15.636300000000,11.000000000000
1353916694,15.636300000000,0.010000000000
1353916705,15.636300000000,11.000000000000
1353916715,15.636300000000,52.193405540000
1353917206,15.601060000000,100.000000000000
1353919075,15.570960000000,0.010000000000
1353919075,15.582240000000,0.849968890000
1353919075,15.583480000000,9.140031110000
1353919774,15.440000000000,0.730307910000
1353921126,15.558310000000,0.010000000000
1353921257,15.558310000000,9.990000000000
1353922167,15.500000000000,2.000000000000
1353923229,15.518530000000,0.010000000000
1353923300,15.550000000000,0.010000000000
1353923322,15.550000000000,6.380000000000
1353923390,15.550000000000,0.010000000000
1353923535,15.550000000000,0.010000000000
1353923600,15.550000000000,3.580000000000
1353923711,15.518540000000,0.010000000000
1353923711,15.549980000000,9.990000000000
1353923872,15.517760000000,0.010000000000
1353923872,15.518500000000,0.990000000000
1353924629,15.533320000000,0.010000000000
1353924673,15.540000000000,0.010000000000
1353924738,15.540000000000,0.010000000000
1353924740,15.540010000000,0.010000000000
1353924900,15.545000000000,0.010000000000
1353924960,15.545000000000,0.010000000000
1353925094,15.545000000000,0.010000000000
1353925300,15.545000000000,1.080000000000
1353925379,15.545000000000,0.010000000000
1353925455,15.545000000000,0.075000000000
1353925464,15.545010000000,0.010000000000
1353925583,15.547000000000,0.010000000000
1353925672,15.547000000000,0.250000000000
1353925707,15.547000000000,0.730000000000
1353925708,15.545000000000,0.010000000000
1353925710,15.545000000000,0.013609680000
1353925725,15.545000000000,0.010000000000
1353925810,15.545000000000,0.315237050000
1353968617,15.317430000000,0.019114030000
1353968617,15.317430000000,0.051044580000
1354188219,15.274990000000,0.025109960000
1354509191,15.491470000000,0.069825990000
1354509191,15.677900000000,65.313700000000
1354509191,15.681670000000,12.262600000000
1354509191,15.684890000000,2.353874010000
1354509207,15.684890000000,80.000000000000
1354529021,15.274990000000,0.025109960000
1354619939,15.561730000000,0.014831140000
1354652075,15.795880000000,0.151997260000
1354652162,15.795880000000,0.151997260000
1354652722,15.795880000000,0.088797990000
1354675881,16.599120000000,3.450556190000
1354675881,16.599120000000,5.453530060000
1354694103,16.286000000000,0.582134790000
1354694104,16.520760000000,4.590500000000
1354694104,16.594990000000,5.992820720000
1354745474,16.261170000000,0.333211300000
1354809492,16.400980000000,0.597369760000
1354864224,16.269420000000,0.254111000000
1355004902,16.283300000000,0.427106680000
1355086549,16.250000000000,0.572893320000
1355180343,16.500000000000,0.209090150000
1355180354,16.500000000000,0.105398500000
1355180768,16.500000000000,0.053118480000
1355180777,16.500000000000,0.026782880000
1355180788,16.500000000000,0.013502140000
1355237216,16.283310000000,1.842400000000
1355238343,16.400000000000,0.925575660000
1355238424,16.400000000000,0.293924340000
1355241126,16.500000000000,0.592107850000
1355241126,16.500000000000,0.502278930000
1355241724,16.500000000000,6.369772790000
1355242327,16.500000000000,0.417948280000
1355473334,17.096750000000,0.079520820000
1355483606,17.096750000000,1.513304000000
1355483626,17.096750000000,16.714010860000
1355493424,17.096750000000,6.988939690000
1355493476,17.096750000000,0.817100000000
1355499642,17.096750000000,15.547500000000
1355505271,17.096750000000,1.999800000000
1355506919,17.096750000000,13.339824630000
1355709273,16.741390000000,0.010000000000
1355709305,16.791460000000,0.010000000000
1355709397,16.791460000000,0.266455140000
1355991088,16.695400000000,0.031618400000
1355991089,16.863390000000,13.188404820000
1355991089,16.863390000000,0.100000000000
1355991089,16.863400000000,12.685579090000
1355991089,16.864650000000,2.767479900000
1356021592,16.450000000000,0.063959950000
1356021608,16.450000000000,0.031981560000
1356021612,16.450000000000,0.031981560000
1356021619,16.450000000000,0.000001820000
1356021758,16.450000000000,0.872075110000
1356056315,16.438770000000,1.000000000000
1357611786,16.775470000000,0.209789030000
1357625942,16.850000000000,0.103813070000
1357625954,16.850000000000,0.103813070000
1357625960,16.850000000000,0.000086050000
1357630473,16.850000000000,0.792287810000
1358053912,17.143020000000,0.010000000000
1358208781,17.573910000000,0.021730160000
1358208782,17.600000000000,1.000000000000
1358355908,17.841740000000,0.010590800000
1358355916,17.841740000000,0.010590800000
1358355918,17.841740000000,0.010590800000
1358355926,17.841740000000,0.007385200000
1358458103,18.581680000000,0.010900000000
1358462282,18.942820000000,0.020833170000
1358553020,19.199350000000,0.020008740000
1358728321,19.250000000000,0.500000000000
1358736228,19.706850000000,0.017994360000
1358739028,19.706850000000,0.060000000000
1358767697,20.549150000000,0.012819250000
1358767697,20.588510000000,13.795051700000
1358783730,20.613810000000,0.024180010000
1358783784,20.613810000000,0.069038110000
1358858658,21.240300000000,0.290628120000
1358958262,21.369190000000,0.016680170000
1359053382,22.311570000000,0.187480960000
1359103530,20.544470000000,0.231641630000
1359244793,21.445420000000,0.068619810000
1359335875,22.000000000000,10.547081370000
1359367808,22.413350000000,0.114633440000
1359373006,22.996400000000,2.225404960000
1359373007,23.001160000000,0.050232290000
1359373007,23.001160000000,1.654997340000
1359373007,23.001180000000,6.069365410000
1359407252,23.000000000000,0.700000000000
1359450683,24.164180000000,0.047177560000
1359453300,24.460070000000,0.014041290000
1359453300,24.862190000000,1.985296720000
1359453300,24.862210000000,1.000000000000
1359453300,24.874900000000,60.000000000000
1359453300,24.891770000000,9.900000000000
1359453300,24.927800000000,40.786268340000
1359458444,24.457360000000,0.035755290000
1359461593,23.708790000000,0.081423550000
1359465705,23.708790000000,0.190084130000
1359470152,23.859610000000,0.029793080000
1359493938,23.859610000000,0.029793080000
1359562457,24.629630000000,14.331715580000
1359562457,24.662000000000,5.312034150000
1359562457,24.702500000000,0.022150270000
1359562506,24.702500000000,0.060800000000
1359562520,24.702500000000,0.000027520000
1359601130,24.702480000000,0.022553960000
1359622669,25.000000000000,0.153099470000
1359622676,25.000000000000,0.153083610000
1359625558,25.000000000000,0.693816920000
1359648225,25.731240000000,0.000117360000
1359648226,25.731240000000,0.000116580000
1359648226,25.731240000000,0.000115810000
1359648234,25.731240000000,0.000115030000
1359648234,25.731240000000,0.000114250000
1359648235,25.731240000000,0.000113480000
1359648235,25.731240000000,0.000112700000
1359648236,25.731240000000,0.000111920000
1359648236,25.731240000000,0.000111140000
1359648236,25.731240000000,0.000110370000
1359648236,25.731240000000,0.000109590000
1359648237,25.731240000000,0.000109200000
1359648237,25.731240000000,0.000108810000
1359648238,25.731240000000,0.000108420000
1359648238,25.731240000000,0.000108030000
1359648239,25.731240000000,0.000107650000
1359648239,25.731240000000,0.000107260000
1359648240,25.731240000000,0.000106870000
1359648241,25.731240000000,0.000106480000
1359648241,25.731240000000,0.000106090000
1359648242,25.731240000000,0.000105700000
1359648243,25.731240000000,0.000105310000
1359648243,25.731240000000,0.000104930000
1359648244,25.731240000000,0.000104540000
1359648244,25.731240000000,0.000104150000
1359648244,25.731240000000,0.000103760000
1359648245,25.731240000000,0.000103370000
1359648245,25.731240000000,0.000102980000
1359648245,25.731240000000,0.000102590000
1359648246,25.731240000000,0.000102210000
1359648246,25.731240000000,0.000101820000
1359648246,25.731240000000,0.000101430000
1359648247,25.731240000000,0.000101040000
1359648247,25.731240000000,0.000100650000
1359648247,25.731240000000,0.000100260000
1359648247,25.731240000000,0.000099870000
1359648248,25.731240000000,0.000099480000
1359648248,25.731240000000,0.000099100000
1359648248,25.731240000000,0.000098710000
1359648248,25.731240000000,0.000098320000
1359648249,25.731240000000,0.000097930000
1359648249,25.731240000000,0.000097540000
1359648249,25.731240000000,0.000097150000
1359648250,25.731240000000,0.000096760000
1359648250,25.731240000000,0.000096380000
1359648250,25.731240000000,0.000095990000
1359648250,25.731240000000,0.000095600000
1359648251,25.731240000000,0.000095210000
1359648251,25.731240000000,0.000094820000
1359648251,25.731240000000,0.000094430000
1359648251,25.731240000000,0.000094040000
1359648252,25.731240000000,0.000093660000
1359648252,25.731240000000,0.000093270000
1359648252,25.731240000000,0.000092880000
1359648252,25.731240000000,0.000092490000
1359648252,25.731240000000,0.000092100000
1359648253,25.731240000000,0.000091710000
1359648253,25.731240000000,0.000091320000
1359648253,25.731240000000,0.000090940000
1359648253,25.731240000000,0.000090550000
1359648254,25.731240000000,0.000090160000
1359648254,25.731240000000,0.000089770000
1359648255,25.731240000000,0.000089380000
1359648255,25.731240000000,0.000088990000
1359648255,25.731240000000,0.000088600000
1359648255,25.731240000000,0.000088210000
1359648255,25.731240000000,0.000087830000
1359648256,25.731240000000,0.000087440000
1359648256,25.731240000000,0.000087050000
1359648256,25.731240000000,0.000086660000
1359648257,25.731240000000,0.000086270000
1359648257,25.731240000000,0.000085880000
1359648258,25.731240000000,0.000085490000
1359648258,25.731240000000,0.000085110000
1359648258,25.731240000000,0.000084720000
1359648259,25.731240000000,0.000084330000
1359648259,25.731240000000,0.000083940000
1359648259,25.731240000000,0.000083550000
1359648260,25.731240000000,0.000083160000
1359648260,25.731240000000,0.000082770000
1359648261,25.731240000000,0.000082390000
1359648262,25.731240000000,0.000082000000
1359648263,25.731240000000,0.000081610000
1359648264,25.731240000000,0.000081220000
1359648265,25.731240000000,0.000080830000
1359648266,25.731240000000,0.000080440000
1359648266,25.731240000000,0.000080050000
1359648266,25.731240000000,0.000079660000
1359648267,25.731240000000,0.000079280000
1359648267,25.731240000000,0.000078890000
1359648267,25.731240000000,0.000078500000
1359648268,25.731240000000,0.000078110000
1359648268,25.731240000000,0.000077720000
1359648268,25.731240000000,0.000077330000
1359648269,25.731240000000,0.000076940000
1359648269,25.731240000000,0.000076560000
1359648269,25.731240000000,0.000076170000
1359648269,25.731240000000,0.000075780000
1359648270,25.731240000000,0.000075390000
1359648270,25.731240000000,0.000075000000
1359648270,25.731240000000,0.000074610000
1359648271,25.731240000000,0.000074220000
1359648271,25.731240000000,0.000073840000
1359648271,25.731240000000,0.000073450000
1359648271,25.731240000000,0.000073060000
1359648272,25.731240000000,0.000072670000
1359648272,25.731240000000,0.000072280000
1359648272,25.731240000000,0.000071890000
1359648272,25.731240000000,0.000071500000
1359648272,25.731240000000,0.000071110000
1359648273,25.731240000000,0.000070730000
1359648273,25.731240000000,0.000070340000
1359648273,25.731240000000,0.000069950000
1359648273,25.731240000000,0.000069560000
1359648273,25.731240000000,0.000069170000
1359648274,25.731240000000,0.000068780000
1359648274,25.731240000000,0.000068390000
1359648274,25.731240000000,0.000068010000
1359648274,25.731240000000,0.000067620000
1359648275,25.731240000000,0.000067230000
1359648275,25.731240000000,0.000066840000
1359648275,25.731240000000,0.000066450000
1359648276,25.731240000000,0.000066060000
1359648276,25.731240000000,0.000065670000
1359648276,25.731240000000,0.000007850000
1359664439,26.276010000000,0.000063550000
1359664440,26.276010000000,0.000063170000
1359664443,26.276010000000,0.000062790000
1359664443,26.276010000000,0.000062410000
1359664443,26.276010000000,0.000062030000
1359664443,26.276010000000,0.000061650000
1359664444,26.276010000000,0.000061270000
1359664444,26.276010000000,0.000060890000
1359664444,26.276010000000,0.000060510000
1359664445,26.276010000000,0.000060130000
1359664445,26.276010000000,0.000059750000
1359664445,26.276010000000,0.000059360000
1359664446,26.276010000000,0.000058980000
1359664446,26.276010000000,0.000058600000
1359664446,26.276010000000,0.000058220000
1359664447,26.276010000000,0.000057840000
1359664447,26.276010000000,0.000057460000
1359664447,26.276010000000,0.000057080000
1359664448,26.276010000000,0.000056700000
1359692590,25.897930000000,0.019304620000
1359950576,25.672850000000,0.539002780000
1360116478,26.004910000000,0.044627790000
1360116511,26.115020000000,7.084000000000
1360226850,26.995460000000,0.073021260000
1360226854,26.995460000000,0.045930370000
1360226859,26.995460000000,0.045930370000
1360226861,26.995460000000,0.041337340000
1360226867,26.995460000000,0.032610560000
1360226872,26.995460000000,0.029349510000
1360226880,26.995460000000,0.026414560000
1360226891,26.995460000000,0.023773100000
1360226901,26.995460000000,0.021395790000
1360226903,26.995460000000,0.021395790000
1360226911,26.995460000000,0.017116630000
1360226922,26.995460000000,0.015404970000
1360226932,26.995460000000,0.013864470000
1360226942,26.995460000000,0.012478030000
1360227106,27.131980000000,7.342132760000
1360227107,27.131990000000,0.030710000000
1360227107,27.187020000000,7.292714590000
1360227107,27.187020000000,5.000000000000
1360227107,27.187020000000,7.000000000000
1360227107,27.187020000000,0.047289600000
1360227107,27.187020000000,4.000000000000
1360227108,27.187020000000,0.110000000000
1360227108,27.187020000000,33.022045070000
1360276758,26.971340000000,0.024214940000
1360287799,27.500000000000,0.750000000000
1360578008,29.473480000000,0.461052410000
1360664156,31.289740000000,0.049376410000
1360667012,31.731060000000,0.015724120000
1360673331,31.708060000000,0.224194320000
1360805770,29.973790000000,0.884793710000
1360805770,29.973790000000,0.287244130000
1360805885,29.973790000000,0.209380230000
1360805992,29.973790000000,0.388169350000
1360805993,30.139950000000,0.012185030000
1360863391,31.983350000000,1.000000000000
1361132711,32.250780000000,1.000000000000
1361132847,32.251990000000,1.000000000000
1361132859,32.500000000000,1.000000000000
1361280848,35.000000000000,1.000000000000
1361500274,37.188450000000,0.075162630000
1361591339,36.210280000000,0.813410060000
1361848367,38.537760000000,21.828434340000
1361848367,38.537770000000,29.717107130000
1361859705,38.501840000000,1.200000000000
1361859705,38.501960000000,18.800000000000
1361860031,38.287030000000,0.041361950000
1361860299,38.320000000000,2.000000000000
1361860558,38.320000000000,5.047470290000
1361860575,38.320000000000,1.294000000000
1361860576,38.320000000000,0.200000000000
1361860576,38.320000000000,0.350000000000
1361860789,38.320000000000,0.790828440000
1361860962,38.320000000000,7.000000000000
1361865159,38.394420000000,57.000000000000
1361891538,39.792780000000,66.257300000000
1362051270,40.570410000000,0.200000000000
1362068372,41.561180000000,1.117410550000
1362081964,42.012060000000,0.399352960000
1362149439,42.327210000000,0.500000000000
1362158703,42.850000000000,0.490100000000
1362158914,42.850000000000,0.010000000000
1362394446,43.839430000000,0.010308240000
1362408085,44.383320000000,0.031168870000
1362419133,45.000000000000,0.186873410000
1362419141,45.000000000000,0.093431640000
1362419150,45.000000000000,0.046722530000
1362419179,45.000000000000,0.023361610000
1362419180,45.000000000000,0.023361610000
1362419182,45.000000000000,0.000005330000
1362419930,45.000000000000,0.126243870000
1362453049,46.026710000000,0.013565510000
1362453237,47.136640000000,0.100000000000
1362453242,47.136650000000,0.010000010000
1362453242,47.140850000000,0.034900340000
1362453243,47.140890000000,55.000000000000
1362453243,47.142180000000,0.250000000000
1362453243,47.142180000000,3.000000000000
1362453243,47.142180000000,47.455099650000
1362474712,50.000000000000,0.500000000000
1362539352,54.408060000000,0.092069170000
1362539470,55.000000000000,0.500000000000
1362553544,56.316080000000,0.026678450000
1362569333,59.196380000000,25.000000000000
1362569531,59.196380000000,25.000000000000
1362569602,59.196380000000,0.447170000000
1362574577,59.274360000000,0.473000000000
1362574577,59.400640000000,32.458993870000
1362613958,52.266020000000,0.100100000000
1362636022,52.052380000000,0.397470530000
1362636022,52.052380000000,0.397470530000
1362645339,53.755180000000,0.040119570000
1362650418,56.142140000000,128.570841610000
1362650418,56.142160000000,0.102926860000
1362650418,56.161760000000,39.960400000000
1362650418,56.169510000000,2.754000000000
1362650418,56.343380000000,17.285290680000
1362650418,56.343410000000,17.057877810000
1362650418,56.362650000000,2.266284330000
1362650418,56.457060000000,89.990300000000
1362650418,56.458340000000,92.000000000000
1362650418,56.522200000000,2.460681120000
1362650418,56.534980000000,25.000000000000
1362650419,56.562820000000,2.899050000000
1362650419,56.649940000000,0.500000000000
1362650419,56.683400000000,0.112710000000
1362650419,56.713800000000,0.500000000000
1362650419,56.713800000000,20.402307590000
1362677074,55.000000000000,1.623300000000
1362712738,53.617490000000,2.200000000000
1362712738,53.617490000000,0.273969060000
1362761639,55.000000000000,1.000000000000
1362761639,55.000000000000,0.056517580000
1362773084,54.412950000000,0.228681200000
1362773147,54.412950000000,0.228566860000
1362817247,55.769600000000,0.055102050000
1362988443,58.043890000000,0.603672340000
1362988443,58.043890000000,0.603696510000
1362988443,58.043890000000,0.016880500000
1362988534,58.043890000000,3.101931840000
1362988679,58.043890000000,6.204078990000
1362988800,58.043890000000,17.469739820000
1363008776,61.290650000000,7.711752770000
1363054109,55.000000000000,10.000000000000
1363117193,55.750370000000,0.093280810000
1363138561,56.080540000000,0.566708380000
1363138564,57.485750000000,0.550312720000
1363182195,58.000000000000,0.650000000000
1363182195,58.000000000000,0.150442730000
1363214076,58.909830000000,0.030438770000
1363606601,60.066530000000,0.026335270000
1363606637,60.887090000000,7.907720220000
1363606637,61.076130000000,14.775135170000
1363606637,61.076150000000,76.972795100000
1363648630,60.899820000000,0.012985480000
1363663236,64.731730000000,0.022535150000
1363675601,64.731730000000,0.112547200000
1363675602,65.000000000000,1.000000000000
1363689425,66.479360000000,0.016974130000
1363705417,70.000000000000,1.000000000000
1363760159,74.370480000000,0.140136750000
1363771039,73.926130000000,0.072054490000
1363845469,81.044510000000,0.160999030000
1363856536,83.134040000000,0.024282120000
1363856572,84.729850000000,1.000000000000
1363859289,85.948510000000,0.053970370000
1363859292,85.948530000000,2.426604970000
1363859293,85.948530000000,1.086326890000
1363868314,87.808590000000,6.383392850000
1363868314,87.808610000000,1.962307150000
1363870821,87.231340000000,1.000000000000
1363871502,86.846500000000,1.000000000000
1363871570,87.000000000000,1.000000000000
1363871578,87.205670000000,1.000000000000
1363881362,88.001040000000,3.130096470000
1363881363,88.257590000000,2.375803530000
1363881435,88.393350000000,0.016240700000
1363885642,90.561370000000,0.151560620000
1363920508,91.951060000000,0.940000000000
1363920508,93.194900000000,5.000000000000
1363920508,93.230400000000,0.988000000000
1363920508,93.533010000000,3.658065310000
1363930422,90.888810000000,0.500000000000
1363932251,89.605330000000,0.158574200000
1363939474,87.919400000000,0.082472060000
1363939523,86.353500000000,9.862039300000
1363939524,86.239990000000,1.000000000000
1363939524,86.239990000000,0.178601680000
1363939524,86.239990000000,0.944176890000
1363939525,85.932240000000,2.150500000000
1363939527,85.831350000000,10.000000000000
1363939527,85.789100000000,0.200000000000
1363939527,85.785700000000,1.000000000000
1363939529,85.680750000000,64.664682130000
1363943499,93.499360000000,0.035903950000
1363943499,93.499370000000,0.964096050000
1363943616,93.499370000000,1.000000000000
1363943948,92.000000000000,1.000000000000
1363963235,93.883640000000,7.405531140000
1363963246,93.934850000000,0.231565420000
1363963427,93.934850000000,11.596745630000
1363963508,93.934850000000,0.933947840000
1363963740,93.934850000000,1.000000000000
1363963869,93.934850000000,31.917409970000
1363965951,91.500000000000,1.000000000000
1363966526,91.000000000000,1.000000000000
1363986582,84.000000000000,17.141061550000
1363986588,84.000000000000,3.580000000000
1363986601,84.000000000000,3.500000000000
1363986602,84.000000000000,3.000000000000
1363986603,84.000000000000,64.233016900000
1364021859,84.533680000000,0.500000000000
1364021859,84.533680000000,1.000000000000
1364172982,87.676150000000,0.380000000000
1364215906,90.682400000000,0.284439260000
1364215922,90.682400000000,0.065560740000
1364220705,92.000000000000,0.039483250000
1364220711,92.000000000000,0.039483250000
1364220755,92.000000000000,0.852033500000
1364220756,95.273200000000,4.546010000000
1364229998,94.950000000000,1.000000000000
1364231039,95.012000000000,1.695819670000
1364231052,95.012000000000,1.705819670000
1364231061,95.012000000000,1.598360660000
1364232837,97.164450000000,1.000000000000
1364232884,97.170000000000,0.486059170000
1364232887,97.170000000000,1.000000000000
1364232905,97.170000000000,2.513940830000
1364233002,95.012000000000,10.000000000000
1364233002,95.012000000000,5.000000000000
1364233027,94.012000000000,5.000000000000
1364233049,93.012000000000,5.000000000000
1364235588,93.214240000000,1.000000000000
1364235819,93.214240000000,1.000000000000
1364265859,95.012000000000,10.000000000000
1364270667,95.013000000000,10.000000000000
1364270667,95.013000000000,2.418392490000
1364271233,95.013000000000,7.280823260000
1364272350,95.015000000000,10.000000000000
1364274552,95.015000000000,10.000000000000
1364274552,95.015000000000,10.000000000000
1364274552,95.015000000000,0.120258500000
1364274560,95.015000000000,9.879741500000
1364274560,95.015000000000,9.976782190000
1364325632,98.673960000000,0.037961480000
1364347413,98.673960000000,0.026201770000
1364359560,101.975420000000,0.324700000000
1364359560,100.590610000000,1.000000000000
1364364397,103.527850000000,0.060222150000
1364372253,105.364440000000,0.509805460000
1364375719,107.219640000000,0.033318260000
1364382842,107.455970000000,1.000000000000
1364382845,107.400000000000,2.135288640000
1364405894,108.800000000000,1.000000000000
1364462765,116.927740000000,2.343446190000
1364462791,116.927740000000,1.177961610000
1364463375,118.963370000000,0.800000000000
1364463376,119.370520000000,2.200000000000
1364473758,117.287610000000,0.592897680000
1364499844,117.287370000000,0.296000000000
1364499854,117.287370000000,0.000036850000
1364502274,112.850400000000,0.154061000000
1364502881,108.503410000000,0.080158640000
1364502926,108.503410000000,0.080154700000
1364514093,113.318440000000,0.029553090000
1364514093,113.389280000000,43.950644540000
1364518674,110.000000000000,1.000000000000
1364814912,117.119310000000,5.944858120000
1364814912,120.275550000000,2.055141880000
1364816584,120.275550000000,0.005151410000
1364816587,120.275550000000,3.820497240000
1364816748,120.275550000000,0.457074340000
1364816835,120.275550000000,0.010000000000
1364816871,120.275550000000,0.283805800000
1364816878,120.275550000000,5.708102250000
1364818324,120.275550000000,31.165368960000
1364821201,120.275550000000,16.932100000000
1364823848,120.275550000000,31.902531040000
1364823859,122.000000000000,200.000000000000
1364826521,126.700000000000,2.177777000000
1364826521,127.302700000000,0.190023000000
1364826731,127.446450000000,5.189671500000
1364828276,127.657140000000,0.313300000000
1364836267,125.050470000000,0.000038950000
1364884917,129.327450000000,1.000000000000
1364885202,127.500000000000,1.000000000000
1364885412,124.000000000000,0.012400000000
1364885423,124.000000000000,0.017600000000
1364885675,129.227460000000,0.028600000000
1364920756,137.201930000000,2.000000000000
1364980558,166.985910000000,80.559100000000
1364980685,169.516000000000,8.102000000000
1364980759,168.175240000000,0.700200000000
1364980837,164.970350000000,0.070000000000
1364982046,160.000000000000,1.000000000000
1364982396,160.000000000000,1.000000000000
1364989222,175.841220000000,0.100000000000
1364989351,174.577440000000,3.085354210000
1364989353,175.588220000000,3.963345790000
1364989388,175.777970000000,2.000000000000
1364989388,176.110060000000,19.588273320000
1364989390,176.208090000000,1.000000000000
1364989390,176.220740000000,90.933870260000
1365001745,177.410990000000,1.000000000000
1365001757,177.410990000000,0.051344110000
1365015243,159.000000000000,0.100000000000
1365015318,158.000000000000,0.100000000000
1365015344,157.000000000000,0.100000000000
1365015369,156.000000000000,0.100000000000
1365015375,154.970000000000,1.000000000000
1365015385,154.000000000000,0.100000000000
1365015403,153.000000000000,0.100000000000
1365015434,152.000000000000,0.100000000000
1365015497,151.000000000000,0.100000000000
1365015500,150.000000000000,1.000000000000
1365015500,150.000000000000,1.000000000000
1365015506,149.000000000000,0.100000000000
1365015521,148.000000000000,0.100000000000
1365015526,147.000000000000,0.100000000000
1365015569,146.000000000000,0.100000000000
1365021339,145.000000000000,1.000000000000
1365022086,144.000000000000,0.100000000000
1365022730,143.000000000000,0.100000000000
1365022745,142.000000000000,0.100000000000
1365023974,141.000000000000,0.100000000000
1365024020,140.000000000000,1.000000000000
1365024891,139.000000000000,0.100000000000
1365040973,163.624190000000,0.227962990000
1365040973,163.766710000000,0.029629260000
1365040973,164.204020000000,0.013233910000
1365040973,164.278690000000,0.500000000000
1365040973,164.350260000000,0.092773380000
1365040973,164.566440000000,0.111270000000
1365040979,164.692100000000,5.000000000000
1365040980,164.692100000000,4.025130460000
1365042478,153.303670000000,35.356356120000
1365042479,152.748220000000,1.000000000000
1365042479,152.579170000000,0.013058160000
1365042481,152.506760000000,12.190885720000
1365042669,152.265220000000,19.664941310000
1365042673,152.144480000000,0.011027720000
1365042673,152.144470000000,0.188262470000
1365042674,151.698930000000,9.901568500000
1365047616,150.547760000000,1.000000000000
1365048476,157.718370000000,1.000000000000
1365052250,162.115610000000,0.461773490000
1365055362,163.018350000000,0.274815420000
1365056089,163.374080000000,0.058741030000
1365056090,163.374080000000,0.058741030000
1365056094,163.374080000000,0.058741030000
1365062516,161.521030000000,0.454602120000
1365065706,162.778400000000,1.000000000000
1365065738,162.778400000000,1.000000000000
1365065996,164.921290000000,1.000000000000
1365076127,166.811540000000,0.251038000000
1365086734,168.324920000000,0.833771890000
1365088337,164.381740000000,0.060000000000
1365088337,161.705840000000,0.430936160000
1365088338,161.705840000000,5.509063840000
1365091814,169.759830000000,0.679104070000
1365091861,170.756960000000,5.000000000000
1365091864,171.162920000000,5.943814290000
1365095462,164.381740000000,0.215039160000
1365102604,166.156740000000,0.079065350000
1365104897,164.501060000000,0.496021810000
1365131458,167.000000000000,1.000000000000
1365145417,168.000840000000,0.011569430000
1365146465,165.040850000000,1.517400000000
1365147320,168.000000000000,0.050000000000
1365147515,173.062670000000,2.812044900000
1365153046,173.820000000000,8.552870780000
1365179605,170.480240000000,0.105772960000
1365183572,173.820000000000,0.023497110000
1365184395,175.000000000000,0.862000000000
1365228824,178.690290000000,0.183348420000
1365228825,181.054760000000,0.935951580000
1365245611,178.404770000000,0.029734710000
1365245663,181.054760000000,1.000000000000
1365246081,178.404770000000,0.970265290000
1365251608,177.000000000000,19.780422760000
1365257973,177.000000000000,0.219577240000
1365257973,177.000000000000,11.500000000000
1365257974,176.000000000000,1.000000000000
1365323012,179.417170000000,0.242290680000
1365323012,179.417160000000,2.912709450000
1365390392,217.328310000000,0.011195820000
1365390773,218.536270000000,2.000000000000
1365393019,213.000000000000,1.000000000000
1365398356,214.648360000000,0.028641360000
1365406389,218.806720000000,0.026449190000
1365410139,221.411420000000,20.000000000000
1365414888,235.053550000000,1.214200000000
1365415100,235.053550000000,85.030794040000
1365417454,223.673560000000,0.010000000000
1365417645,232.118560000000,0.198700000000
1365417653,223.666300000000,0.010000000000
1365417688,232.426690000000,0.010000000000
1365417999,230.783080000000,0.009205740000
1365429777,232.535100000000,0.381724370000
1365429780,231.674150000000,13.254593500000
1365429781,231.204540000000,4.000000000000
1365429781,231.204540000000,2.363682130000
1365431553,239.966370000000,0.019410880000
1365433733,239.966370000000,3.980589120000
1365434359,234.113530000000,0.198904910000
1365434359,234.113530000000,0.200210650000
1365435768,235.000000000000,1.000000000000
1365435794,235.000000000000,9.485000000000
1365436137,231.877150000000,2.000000000000
1365436581,231.877150000000,1.000000000000
1365436582,231.877150000000,1.000000000000
1365438253,225.000000000000,50.000000000000
1365438487,220.000000000000,18.715799890000
1365438502,220.000000000000,2.284200110000
1365438509,220.000000000000,0.994000000000
1365438511,220.000000000000,0.006000000000
1365439101,213.761900000000,0.565625480000
1365439101,213.761900000000,0.565644020000
1365439101,213.761900000000,0.006714710000
1365439102,212.914950000000,2.270600000000
1365439102,212.914950000000,0.250000000000
1365439102,212.440670000000,0.050000000000
1365439103,211.900840000000,1.272544440000
1365439627,229.958980000000,0.020000000000
1365439628,230.311930000000,0.901883080000
1365439628,230.974040000000,0.286000000000
1365439628,230.974040000000,2.746521400000
1365439628,230.987760000000,0.645595520000
1365455094,223.070630000000,0.691200040000
1365502833,241.828740000000,0.014089380000
1365505778,248.429250000000,0.059594150000
1365506496,253.982980000000,0.106000000000
1365506531,253.982950000000,0.100000000000
1365508185,255.054030000000,0.038888840000
1365519831,274.713600000000,0.159580440000
1365519831,278.299930000000,3.389404660000
1365528159,282.327640000000,0.371056210000
1365546927,292.152800000000,0.028653910000
1365553267,286.203780000000,0.010000000000
1365553276,286.203780000000,0.010000000000
1365553304,286.203780000000,0.010000000000
1365566124,296.678800000000,0.529200000000
1365570798,290.000000000000,5.003450000000
1365571396,290.000000000000,5.049800000000
1365571480,290.000000000000,0.657919560000
1365571539,290.000000000000,0.657636660000
1365571591,290.000000000000,0.208301860000
1365574477,290.000000000000,10.422891920000
1365579399,291.354090000000,1.000000000000
1365579399,298.115100000000,6.910471620000
1365583702,298.115100000000,3.311300000000
1365584243,298.115100000000,5.709700000000
1365600448,315.965030000000,0.200000000000
1365601610,318.000000000000,1.000000000000
1365602168,314.981870000000,29.486140700000
1365602168,316.124950000000,3.714564220000
1365602168,316.250690000000,4.971600000000
1365602172,316.251950000000,0.835125960000
1365602175,316.251960000000,8.423069120000
1365606922,311.893160000000,0.462302610000
1365607120,311.893160000000,0.462302610000
1365607120,312.441690000000,1.537697390000
1365608046,305.849940000000,0.466298230000
1365608046,305.849940000000,0.466298230000
1365608047,305.849940000000,0.013884840000
1365608483,304.821170000000,24.600500000000
1365609394,300.000000000000,0.500000000000
1365609394,300.000000000000,1.800657940000
1365609407,300.000000000000,0.199342060000
1365609683,295.000000000000,0.500000000000
1365610574,299.999990000000,0.466222870000
1365610577,299.999990000000,0.467191080000
1365610577,299.999990000000,0.467236850000
1365610670,295.000000000000,0.905201010000
1365611451,290.000000000000,0.250000000000
1365611470,290.000000000000,1.750000000000
1365611857,280.000000000000,2.000000000000
1365614339,260.000000000000,2.000000000000
1365614777,250.667080000000,0.047396350000
1365614777,250.667080000000,0.004195120000
1365614777,250.667080000000,2.948408530000
1365616221,241.000000000000,0.010000000000
1365618274,241.316760000000,1.000000000000
1365620178,170.000000000000,0.100000000000
1365620180,169.000000000000,0.100000000000
1365620182,168.000000000000,0.100000000000
1365620246,167.000000000000,0.100000000000
1365620253,166.000000000000,0.100000000000
1365620278,165.000000000000,0.100000000000
1365620285,164.000000000000,0.100000000000
1365620294,163.000000000000,0.100000000000
1365620302,162.000000000000,0.100000000000
1365620320,161.000000000000,0.100000000000
1365620366,160.000000000000,0.100000000000
1365620392,159.000000000000,0.100000000000
1365620394,158.000000000000,0.100000000000
1365620394,157.000000000000,0.100000000000
1365620456,156.000000000000,0.100000000000
1365620494,155.000000000000,0.100000000000
1365620494,154.000000000000,0.100000000000
1365620494,153.000000000000,0.100000000000
1365620494,152.000000000000,0.100000000000
1365620494,151.953430000000,0.600000000000
1365620576,151.000000000000,0.100000000000
1365620788,150.000000000000,0.100000000000
1365620788,149.000000000000,0.100000000000
1365620982,148.000000000000,0.100000000000
1365620982,147.000000000000,0.100000000000
1365620984,146.000000000000,0.100000000000
1365621273,145.000000000000,0.100000000000
1365621274,144.000000000000,0.100000000000
1365621275,143.000000000000,0.100000000000
1365621304,142.000000000000,0.100000000000
1365621306,141.000000000000,0.100000000000
1365621307,140.000000000000,0.100000000000
1365621328,139.000000000000,0.100000000000
1365621407,138.000000000000,0.100000000000
1365621553,137.000000000000,0.100000000000
1365621629,136.000000000000,0.100000000000
1365621649,135.000000000000,0.100000000000
1365621675,134.000000000000,0.100000000000
1365621676,133.000000000000,0.100000000000
1365622793,196.863670000000,1.000000000000
1365623519,181.333230000000,0.500000000000
1365623519,182.892700000000,0.500000000000
1365623527,182.892700000000,0.569628740000
1365623843,172.949920000000,1.000000000000
1365624548,177.812350000000,0.430371260000
1365624548,177.812350000000,0.538100470000
1365625517,172.001830000000,41.190000000000
1365626505,215.182100000000,1.000000000000
1365627046,228.488850000000,0.154347100000
1365627046,238.776580000000,0.307552430000
1365627156,226.757210000000,0.452510200000
1365628455,234.766110000000,0.431776630000
1365629044,240.599630000000,0.431397860000
1365629396,232.422760000000,0.011022800000
1365632701,173.900480000000,1.000000000000
1365632701,173.900480000000,1.000000000000
1365632799,164.857450000000,1.000000000000
1365633668,206.115440000000,0.994755900000
1365634018,192.213230000000,1.000000000000
1365634072,205.511000000000,0.500000000000
1365634074,205.511000000000,0.500000000000
1365634790,187.365600000000,0.835314310000
1365635466,180.000000000000,34.500000000000
1365637687,205.631870000000,0.388795070000
1365637714,194.791990000000,1.000000000000
1365637716,194.791990000000,0.758318430000
1365637717,194.703430000000,0.241681570000
1365637720,194.703430000000,1.000000000000
1365637721,194.703430000000,0.486386390000
1365637722,194.703430000000,0.666008280000
1365637811,202.196220000000,0.392000000000
1365641972,212.000000000000,0.982000000000
1365647313,203.229170000000,1.000000000000
1365647313,203.229170000000,1.000000000000
1365647392,202.298540000000,1.000000000000
1365647396,199.283260000000,0.486386390000
1365647560,199.283260000000,0.513613610000
1365647693,191.569900000000,1.000000000000
1365647694,190.830400000000,1.000000000000
1365647694,190.104680000000,0.498671040000
1365647694,189.759600000000,0.000828960000
1365648179,192.054130000000,0.546942930000
1365649199,200.000000000000,12.394712200000
1365650615,202.000000000000,1.000000000000
1365650615,202.000000000000,1.000000000000
1365650616,202.000000000000,1.000000000000
1365650616,202.000000000000,0.261390710000
1365650780,203.314300000000,0.491697420000
1365654306,216.174210000000,1.000000000000
1365654306,216.174210000000,1.000000000000
1365654306,216.174210000000,1.000000000000
1365654338,215.000000000000,2.000000000000
1365655871,216.174210000000,0.494900380000
1365655903,210.451950000000,0.888119980000
1365655904,210.451950000000,0.268404860000
1365655993,216.174210000000,0.246661600000
1365655993,216.174210000000,0.246666860000
1365656617,209.876230000000,0.318681170000
1365656672,210.157430000000,0.080829550000
1365656740,215.080790000000,0.143629650000
1365657012,218.971750000000,1.000000000000
1365657012,218.971760000000,1.600937920000
1365657012,218.971770000000,0.515994680000
1365659407,215.000000000000,0.619500000000
1365662517,234.748970000000,2.800000000000
1365666850,231.319450000000,2.051200000000
1365670221,206.528700000000,0.320406060000
1365688868,145.925030000000,2.000000000000
1365731582,163.509880000000,0.010000000000
1365731583,163.509880000000,0.200000000000
1365731583,163.763390000000,0.010000000000
1365731583,164.750300000000,0.019914000000
1365731583,164.764730000000,1.934649050000
1365731583,164.777400000000,0.702500000000
1365731583,164.777400000000,0.010000000000
1365731583,164.777400000000,1.000000000000
1365731583,164.777400000000,1.510800000000
1365731583,164.777400000000,4.602136950000
1365732086,131.000000000000,0.100000000000
1365732093,130.000000000000,0.100000000000
1365732102,129.000000000000,0.100000000000
1365732121,128.000000000000,0.100000000000
1365732123,127.000000000000,0.100000000000
1365732142,126.000000000000,0.100000000000
1365732186,125.000000000000,0.621320770000
1365732192,125.000000000000,0.378679230000
1365732204,124.000000000000,0.100000000000
1365732218,123.000000000000,0.100000000000
1365732222,122.000000000000,0.100000000000
1365732226,121.000000000000,0.100000000000
1365732230,120.000000000000,1.000000000000
1365732232,119.000000000000,0.100000000000
1365732234,118.000000000000,0.100000000000
1365732235,117.000000000000,0.100000000000
1365732237,116.000000000000,0.100000000000
1365732240,115.000000000000,1.000000000000
1365732248,114.000000000000,0.100000000000
1365732252,113.000000000000,0.100000000000
1365732254,112.000000000000,0.100000000000
1365732255,111.000000000000,0.100000000000
1365732257,110.000000000000,1.000000000000
1365732259,109.000000000000,0.100000000000
1365732261,108.000000000000,0.100000000000
1365732264,107.000000000000,0.100000000000
1365732265,106.000000000000,0.100000000000
1365732267,105.000000000000,0.228600000000
1365732267,105.000000000000,1.000000000000
1365732268,104.000000000000,0.100000000000
1365732270,103.000000000000,0.100000000000
1365732272,102.000000000000,0.100000000000
1365732282,101.000000000000,0.100000000000
1365732282,100.000000000000,0.250000000000
1365732282,100.000000000000,1.000000000000
1365732473,95.000000000000,0.252600000000
1365732473,95.000000000000,1.000000000000
1365732710,90.000000000000,1.000000000000
1365732712,89.000000000000,0.292100000000
1365732724,85.000000000000,1.000000000000
1365756750,110.000000000000,9.090910000000
1365760431,110.000000000000,10.000000000000
1365760794,108.000000000000,2.773260000000
1365760836,108.000000000000,7.226740000000
1365761048,106.000000000000,10.000000000000
1365761048,104.460290000000,4.500000000000
1365761048,103.914400000000,4.500000000000
1365761366,103.000000000000,10.000000000000
1365763478,100.000000000000,8.000000000000
1365763500,100.000000000000,2.000000000000
1365764023,99.000000000000,7.244400000000
1365769024,80.000000000000,0.375000000000
1365769024,80.000000000000,1.000000000000
1365769347,75.000000000000,1.000000000000
1365769604,70.000000000000,1.000000000000
1365770048,70.671440000000,0.130077790000
1365770048,71.165970000000,12.936592210000
1365774283,91.386820000000,0.496200000000
1365774283,91.895090000000,4.503800000000
1365774816,89.034210000000,0.890000000000
1365779206,90.627570000000,1.072173400000
1365782499,87.000000000000,3.000000000000
1365782524,87.000000000000,14.000000000000
1365782986,85.000000000000,0.094700000000
1365797458,116.400030000000,1.000000000000
1365816148,130.557220000000,0.200000000000
1365826944,142.388700000000,0.200000000000
1365826944,142.915480000000,0.058000000000
1365826944,142.915480000000,0.742000000000
1365840787,150.000000000000,1.000000000000
1365870183,140.699890000000,5.000000000000
1365878363,135.753850000000,5.000000000000
1365880476,129.886840000000,2.000000000000
1365916801,130.000000000000,8.000000000000
1365919481,125.000000000000,8.000000000000
1365980581,110.000000000000,6.625000000000
1365995308,117.500000000000,5.223100000000
1365995372,117.500000000000,1.000000000000
1365995514,117.500000000000,0.050000000000
1365995759,117.500000000000,1.201300000000
1365995970,117.500000000000,2.498301760000
1365995981,117.500000000000,0.881258930000
1365996654,117.500000000000,0.135500000000
1365996723,117.500000000000,0.082361420000
1365997083,117.500000000000,7.910303720000
1365997083,117.500000000000,0.621210550000
1365997083,117.500000000000,9.318158260000
1365997083,117.500000000000,3.106052750000
1365997083,117.500000000000,17.972452610000
1366012250,121.344490000000,0.030000000000
1366019248,126.142410000000,0.010000000000
1366019248,126.174110000000,2.900000000000
1366019248,126.218520000000,0.050000000000
1366019248,126.243890000000,0.010000000000
1366019248,126.256570000000,0.010000000000
1366019248,126.434230000000,3.593146570000
1366027478,120.000000000000,0.381056440000
1366049718,115.345970000000,3.970400000000
1366049718,115.347220000000,7.260797170000
1366049718,115.347230000000,4.551296530000
1366049718,115.355860000000,3.217170000000
1366049718,115.410660000000,5.893836300000
1366049790,115.295220000000,1.000000000000
1366056862,110.000000000000,53.126000000000
1366056862,110.000000000000,0.521472630000
1366062360,100.000000000000,4.609584810000
1366062366,100.000000000000,0.390415190000
1366080086,92.000000000000,2.450000000000
1366080443,90.000000000000,4.000000000000
1366085361,72.000000000000,5.284779440000
1366085561,70.000000000000,6.000000000000
1366085561,70.000000000000,14.285700000000
1366085738,82.240000000000,22.475523780000
1366085739,82.240000000000,31.386890130000
1366085740,82.240000000000,1.736086290000
1366085741,82.240000000000,67.340299800000
1366112057,75.000000000000,20.000000000000
1366116097,72.160410000000,20.000000000000
1366116150,72.160410000000,0.261400000000
1366117053,74.252320000000,15.000000000000
1366117109,74.252320000000,2.335754620000
1366175012,90.992430000000,0.284700000000
1366175045,90.992430000000,2.250000000000
1366175070,92.567910000000,2.771602920000
1366198241,103.896900000000,0.015000000000
1366198637,106.527210000000,0.014541820000
1366198703,103.433780000000,0.014400000000
1366198771,107.234480000000,0.013806280000
1366198884,102.491970000000,0.010000000000
1366198885,102.067330000000,0.003778010000
1366198957,107.613040000000,0.013028810000
1366199042,102.450540000000,0.012950640000
1366199105,107.637100000000,0.011900000000
1366200195,104.583720000000,0.011828600000
1366210624,110.047920000000,0.591800000000
1366210624,109.188290000000,2.699344770000
1366210624,109.095470000000,3.000000000000
1366210624,109.095470000000,1.000000000000
1366210624,109.079570000000,2.458291250000
1366249854,110.000000000000,0.011500000000
1366256398,117.523390000000,0.500000000000
1366256398,117.713290000000,77.720797360000
1366256399,117.725950000000,0.124250000000
1366256399,117.738610000000,7.089806390000
1366262977,111.771750000000,0.019890000000
1366271735,115.000000000000,0.010000000000
1366271851,117.941160000000,0.018745870000
1366293576,117.371420000000,0.020400000000
1366301044,115.480690000000,0.008736850000
1366327623,132.903930000000,0.001052860000
1366328701,135.000000000000,8.000000000000
1366339075,145.000000000000,3.188825300000
1366339098,145.000000000000,1.396085450000
1366339102,145.000000000000,0.065418360000
1366340137,141.314030000000,0.009894000000
1366340743,145.000000000000,3.349670890000
1366341872,146.814950000000,0.009472800000
1366342654,138.327410000000,14.909000000000
1366358573,164.220640000000,1.000000000000
1366359789,160.058030000000,0.151387470000
1366359789,159.419470000000,0.842612530000
1366362178,157.010690000000,0.065171360000
1366362860,152.223340000000,0.040000000000
1366380116,146.981720000000,4.050000000000
1366381450,146.527830000000,0.010000000000
1366381450,146.527830000000,0.010000000000
1366381461,146.527840000000,0.080000000000
1366383106,146.854490000000,0.100000000000
1366451822,144.615910000000,0.050000000000
1366456152,152.017310000000,0.050000000000
1366466040,153.872130000000,0.007698200000
1366466040,154.202720000000,0.992301800000
1366501746,155.866230000000,0.994000000000
1366503007,162.151800000000,9.000000000000
1366517837,158.227940000000,0.050000000000
1366601547,150.000000000000,0.010000000000
1366637714,150.000000000000,0.010000000000
1366637723,154.601600000000,0.009687220000
1366642103,150.000000000000,0.011431000000
1366642201,155.805060000000,0.018292600000
1366710917,153.259070000000,0.005041620000
1366711238,160.895950000000,1.572110400000
1366711241,160.895950000000,0.425750150000
1366711252,160.895950000000,0.002139450000
1366725169,164.000000000000,0.659683480000
1366725171,164.000000000000,0.415603410000
1366727302,164.000000000000,0.874900000000
1366727562,164.000000000000,2.196113110000
1366735108,169.413110000000,1.000000000000
1366747137,171.564190000000,0.010000000000
1366748225,172.441910000000,0.010000000000
1366748397,173.104510000000,0.010000000000
1366748485,172.276240000000,0.010000000000
1366748925,173.104510000000,0.010000000000
1366785789,180.000000000000,2.287100000000
1366786538,180.000000000000,1.712900000000
1366795179,181.094400000000,1.836824410000
1366795179,180.937200000000,8.103175590000
1366796312,190.533650000000,2.992703920000
1366796313,190.557990000000,0.050000000000
1366796313,190.824540000000,0.994000000000
1366796313,191.018470000000,1.098893150000
1366796313,191.317500000000,0.028098080000
1366796314,191.456650000000,0.038994340000
1366796314,191.756470000000,0.500000000000
1366796314,191.756470000000,2.000000000000
1366796314,191.756470000000,0.228600000000
1366796315,191.756470000000,1.068710510000
1366818000,200.000000000000,0.111200870000
1366818006,200.000000000000,0.113656210000
1366818006,200.000000000000,4.907010990000
1366818007,200.000000000000,0.868131930000
1366818007,200.000000000000,1.131868070000
1366818010,200.000000000000,0.994999390000
1366818063,200.000000000000,6.873132540000
1366818063,200.000000000000,3.852978350000
1366818087,200.000000000000,5.093021650000
1366829960,187.454610000000,0.900000000000
1366866135,198.025670000000,9.000000000000
1366895294,195.220570000000,4.661400000000
1366918516,189.289240000000,0.959433970000
1366918516,189.640180000000,1.094600000000
1366918516,190.308580000000,2.945966030000
1366921566,170.000000000000,0.001972170000
1366922514,175.610730000000,5.000000000000
1366925227,168.000000000000,2.869160710000
1366958045,156.482800000000,0.117190960000
1366958045,156.144710000000,0.882809040000
1366979727,168.059750000000,0.659413960000
1366979728,168.059760000000,3.681750000000
1366979781,168.059760000000,0.024486300000
1366979786,168.059760000000,1.000000000000
1366979836,168.059760000000,0.484349740000
1366997371,170.000000000000,0.026916160000
1366997755,170.000000000000,0.090683840000
1367055829,166.487220000000,1.098100000000
1367096755,159.121370000000,0.000027650000
1367155605,168.140840000000,0.036066120000
1367155605,168.203990000000,0.235081000000
1367155605,168.228550000000,0.728852880000
1367225904,169.000000000000,0.010000000000
1367244601,173.563080000000,0.020000000000
1367244601,173.343220000000,0.406361100000
1367244601,172.765920000000,5.631400000000
1367244601,172.323900000000,2.887238900000
1367309783,180.000000000000,0.011928000000
1367309787,180.000000000000,0.973501200000
1367319240,180.000000000000,0.011928000000
1367322590,180.000000000000,1.002642800000
1367327283,182.761670000000,0.010000000000
1367327298,182.800000000000,0.010000000000
1367327338,183.047600000000,0.010000000000
1367327359,183.047600000000,0.010000000000
1367327384,183.047600000000,0.010000000000
1367327417,184.000000000000,0.010000000000
1367335546,176.863810000000,0.010000000000
1367335547,177.145880000000,14.990000000000
1367377581,167.250000000000,12.250000000000
1367377654,165.000000000000,54.466000000000
1367379234,161.800000000000,10.000000000000
1367381758,165.135860000000,8.139177030000
1367386509,169.890000000000,1.646700000000
1367388141,169.110000000000,1.000000000000
1367388141,168.100000000000,1.000000000000
1367390169,166.890000000000,1.198400000000
1367397706,164.500000000000,1.000000000000
1367490402,148.488190000000,0.111342000000
1367490402,148.989510000000,1.591712510000
1367490403,150.000000000000,0.296945490000
1367495637,140.000000000000,2.000000000000
1367496187,144.353650000000,5.000000000000
1367503614,132.000000000000,1.000000000000
1367503889,130.000000000000,2.000000000000
1367503889,130.000000000000,0.597799070000
1367505596,126.968510000000,1.070419460000
1367505858,126.968510000000,0.929580540000
1367558546,125.566730000000,16.360000000000
1367558546,125.654080000000,0.200000000000
1367558547,125.744380000000,3.440000000000
1367566450,115.118010000000,5.000000000000
1367568628,112.000000000000,5.000000000000
1367569313,108.725680000000,0.012000000000
1367569319,105.788340000000,0.011471440000
1367569514,108.069910000000,0.012000000000
1367575876,114.020210000000,12.000000000000
1367579699,100.000000000000,0.027960430000
1367579700,100.000000000000,2.972039570000
1367579700,100.000000000000,5.000000000000
1367636162,121.168870000000,0.745161680000
1367636162,121.239580000000,0.254838320000
1367896566,125.608200000000,0.009940000000
1367896631,129.440310000000,0.010000000000
1367896640,129.440310000000,0.010000000000
1367941179,129.406350000000,0.770000000000
1367978129,140.783570000000,0.010000000000
1367978129,141.597500000000,3.023398860000
1367978129,141.597500000000,0.500000000000
1367978130,141.889450000000,0.100000000000
1367978130,141.900800000000,0.024949540000
1367978130,142.040570000000,1.000000000000
1367978130,142.189070000000,0.010000000000
1367978130,142.189070000000,0.010000000000
1367978130,142.225430000000,0.506100000000
1367978130,142.225430000000,0.250000000000
1367978130,142.258350000000,0.100000000000
1367978130,142.339490000000,1.951400000000
1367978130,142.341150000000,1.988000000000
1367978130,142.412660000000,31.556483880000
1368022450,140.767860000000,0.010835490000
1368029050,141.199420000000,0.710000000000
1368171641,140.000000000000,0.250000000000
1368195672,145.598750000000,0.622560210000
1368195672,143.336570000000,11.305639790000
1368216442,141.478960000000,0.000071200000
1368267122,146.339670000000,8.113200000000
1368529952,150.147090000000,0.600000000000
1368541708,150.298520000000,1.208812080000
1368541710,150.298530000000,2.174470490000
1368541739,150.773810000000,3.176900000000
1368561097,148.000000000000,0.012800000000
1368561276,148.000000000000,39.987200000000
1368568149,143.654070000000,0.050325000000
1368575449,142.064990000000,0.100000000000
1368575450,142.357370000000,0.373000000000
1368576856,136.000000000000,0.054257050000
1368576909,136.000000000000,0.201542950000
1368577215,132.840000000000,0.000075350000
1368597427,138.000000000000,0.000078940000
1368608718,142.752610000000,1.000000000000
1368687308,145.317280000000,0.070869570000
1368687309,145.383750000000,7.485242280000
1368687309,145.481780000000,2.443888150000
1368750439,143.786410000000,0.133987160000
1368774654,148.398440000000,0.013869300000
1368774701,148.993540000000,1.000000000000
1368774701,148.993540000000,1.000000000000
1368774707,149.776690000000,1.000000000000
1368774710,149.776700000000,0.080493300000
1368774727,149.783560000000,0.250000000000
1368774750,149.916000000000,0.611299390000
1368779522,148.797750000000,0.079692510000
1368779523,148.882830000000,0.000843680000
1368805187,150.000000000000,10.000000000000
1368806907,146.315350000000,5.000000000000
1368810915,150.000000000000,4.917500000000
1368852708,157.317390000000,2.634215320000
1368852708,157.317390000000,0.464960730000
1368988583,147.955840000000,0.100200000000
1369043489,155.656070000000,0.900000000000
1369050301,155.656070000000,0.321200000000
1369103729,154.480690000000,30.405100000000
1369103742,154.480690000000,0.001012680000
1369140515,155.167260000000,2.337811390000
1369140518,155.167270000000,2.096346780000
1369140550,155.183790000000,1.287822370000
1369140593,155.183800000000,0.630000000000
1369140594,155.183800000000,8.082177630000
1369140736,155.167270000000,0.102879000000
1369140741,155.167270000000,1.835414900000
1369140940,155.167270000000,0.300000000000
1369141294,155.167270000000,2.387780360000
1369141503,155.167270000000,0.939767570000
1369157623,155.101110000000,3.916525090000
1369243900,150.645500000000,0.101517230000
1369285627,158.021480000000,0.397501970000
1369442511,163.548500000000,1.016203400000
1369457995,164.038210000000,0.101584880000
1369480347,169.599570000000,30.323400000000
1369493623,160.621620000000,0.010000000000
1369522419,168.286830000000,3.000000000000
1369531031,169.505530000000,1.887899110000
1369531059,169.599570000000,8.000000000000
1369531116,169.599570000000,0.100000000000
1369531558,169.505540000000,0.279329330000
1369554295,169.578480000000,0.011928000000
1369554295,169.578480000000,0.011928000000
1369554352,169.578490000000,7.976144000000
1369579380,166.789050000000,0.103460760000
1369647791,170.000000000000,12.500000000000
1369667318,165.612460000000,0.010000000000
1369667346,173.593990000000,0.018680130000
1369697858,162.719680000000,0.097707270000
1369697885,166.949950000000,0.093700000000
1369711635,161.500000000000,0.033400000000
1369724147,164.951040000000,1.285000000000
1369777518,159.123300000000,0.010000000000
1369777531,165.583720000000,0.009552140000
1369787885,159.841530000000,0.100757190000
1369804476,163.730000000000,3.472018910000
1369813562,163.500000000000,42.347981090000
1369813862,163.000000000000,0.050000000000
1369877884,168.000000000000,1.000000000000
1369877927,167.000000000000,1.088238830000
1369888155,167.000000000000,0.411761170000
1369888245,166.600000000000,1.387575980000
1369897888,169.467700000000,2.000000000000
1369897909,169.467710000000,3.721050210000
1369897910,169.467710000000,0.002426770000
1369897921,169.467710000000,0.030000000000
1369898172,169.467710000000,1.500000000000
1369898233,169.467710000000,0.489791360000
1369898622,169.467710000000,4.013819520000
1369898738,169.467710000000,5.038200000000
1369899200,169.467710000000,0.083600000000
1369899281,169.467710000000,4.000000000000
1369899364,169.467710000000,0.010000000000
1369899407,169.467710000000,1.066230440000
1369899864,169.467710000000,0.027000000000
1369899865,169.467710000000,0.120000000000
1369899910,169.467710000000,7.897881700000
1369903984,169.100000000000,2.350000000000
1369981888,164.106470000000,0.551117220000
1369981889,167.812270000000,1.448882780000
1370017850,160.000000000000,0.100650320000
1370161726,160.000000000000,0.836849680000
1370161850,159.000000000000,0.025200000000
1370161974,157.000000000000,0.025500000000
1370163098,155.000000000000,0.064500000000
1370164241,153.000000000000,0.065400000000
1370186085,150.000000000000,0.100000000000
1370186085,150.000000000000,6.020000000000
1370186616,151.000000000000,4.700000000000
1370187993,150.812190000000,0.019900000000
1370192048,153.141650000000,0.786285540000
1370192048,153.141650000000,3.000000000000
1370192087,153.141650000000,0.213714460000
1370216122,154.058570000000,0.044780000000
1370257947,147.000000000000,0.103500000000
1370391031,150.075100000000,0.103335590000
1370398127,154.479690000000,0.010000000000
1370398127,154.479690000000,0.010000000000
1370398186,154.484860000000,0.020000000000
1370398186,154.484880000000,0.010000000000
1370398186,154.484880000000,0.010000000000
1370398186,155.986000000000,0.960000000000
1370570769,150.468390000000,0.066400000000
1370578129,148.440000000000,0.101208920000
1370596255,148.440000000000,50.070000740000
1370596709,148.293110000000,0.067400000000
1370598743,148.293100000000,0.031800000000
1370600138,147.000000000000,0.005300000000
1370600289,147.141530000000,0.067900000000
1370600410,146.572200000000,0.068000000000
1370618133,140.000000000000,0.178600000000
1370621189,139.000000000000,16.000000000000
1370625490,136.905640000000,0.024800000000
1370663292,138.713080000000,0.049500000000
1370698024,139.900000000000,3.331965620000
1370698061,139.900000000000,0.394500000000
1370698067,139.900000000000,0.200000000000
1370698205,139.900000000000,6.000000000000
1370698405,139.900000000000,0.073534380000
1370746799,138.021390000000,0.058690000000
1370756088,135.000000000000,0.148100000000
1370757864,130.000000000000,0.153800000000
1370760422,125.000000000000,0.400000000000
1370765579,120.000000000000,0.150000000000
1370817550,126.494640000000,0.022288890000
1370830451,123.612000000000,0.021768890000
1370869340,129.817780000000,0.101602680000
1370975411,137.750000000000,0.213307240000
1370976988,137.750000000000,3.559923360000
1370977092,137.750000000000,4.226769400000
1371029953,138.000000000000,0.080000000000
1371088327,141.062800000000,0.331546570000
1371088336,141.062800000000,0.050000000000
1371088362,141.062800000000,0.200000000000
1371088372,141.062800000000,0.100013180000
1371088419,141.062800000000,0.025000000000
1371088525,141.062800000000,0.012500000000
1371088583,141.062800000000,2.564338590000
1371088952,141.062800000000,1.217748390000
1371089461,141.323320000000,0.010000000000
1371089461,141.323320000000,0.010000000000
1371089461,141.323320000000,0.010000000000
1371089461,141.323320000000,0.010000000000
1371089461,141.323320000000,0.010000000000
1371089461,141.323320000000,0.003661450000
1371089513,141.323320000000,0.211442230000
1371089625,141.323320000000,0.011000000000
1371089627,141.323320000000,0.011000000000
1371089627,141.323320000000,0.011000000000
1371089628,141.323320000000,0.011000000000
1371089628,141.323320000000,0.011000000000
1371089628,141.323320000000,0.011000000000
1371089628,141.323320000000,0.011000000000
1371089629,141.323320000000,0.011000000000
1371089630,141.323320000000,0.011000000000
1371089635,141.323320000000,0.011000000000
1371089636,141.323320000000,0.011000000000
1371089667,141.323320000000,1.000000000000
1371089685,141.323320000000,0.020000000000
1371089691,141.323320000000,0.011000000000
1371089735,141.323320000000,0.582896320000
1371105920,139.000000000000,2.000000000000
1371136494,138.000000000000,0.100040120000
1371139128,138.000000000000,2.399959880000
1371159780,137.000000000000,2.000000000000
1371159991,137.011580000000,0.213170080000
1371172953,125.843710000000,0.461120600000
1371172953,125.721810000000,0.878531340000
1371172953,125.721790000000,0.985748060000
1371198531,129.000000000000,3.000000000000
1371215699,128.062740000000,0.010000000000
1371215699,128.062740000000,0.011100000000
1371215699,128.844180000000,0.752000000000
1371215699,128.948140000000,0.726900000000
1371217249,127.355660000000,2.000000000000
1371257179,125.000000000000,1.265475080000
1371257865,125.000000000000,3.734524920000
1371283138,126.501590000000,1.000000000000
1371420856,125.000000000000,5.000000000000
1371515103,124.339360000000,0.101000000000
1371547092,128.857750000000,2.751224230000
1371547092,128.733680000000,0.540000000000
1371547092,128.732500000000,5.210329330000
1371772579,141.548610000000,2.053395220000
1371806348,137.342790000000,0.000044740000
1371890386,134.436850000000,0.101800000000
1371890403,134.436860000000,0.000033310000
1372154338,130.716830000000,0.010597540000
1372154338,130.715470000000,0.009883190000
1372154338,130.700470000000,0.083572850000
1372416053,123.000000000000,0.010000000000
1372445787,123.000000000000,9.990000000000
1372448569,118.000000000000,9.583294260000
1372466572,118.000000000000,0.416705740000
1372475724,123.300740000000,2.969715730000
1372475724,123.352370000000,0.014322970000
1372475725,123.361910000000,0.020100000000
1372475725,123.362130000000,0.020100000000
1372475725,123.368080000000,0.020100000000
1372475725,123.368450000000,0.020100000000
1372475725,123.368560000000,0.020100000000
1372475725,123.368800000000,0.020100000000
1372475725,123.387480000000,0.690000000000
1372475725,123.409000000000,0.690000000000
1372475725,123.414190000000,0.690000000000
1372475725,123.416780000000,0.690000000000
1372475725,123.429750000000,0.030300000000
1372475725,123.439300000000,0.011146800000
1372475725,123.458790000000,4.947004900000
1372487910,122.658140000000,0.100000000000
1372488083,126.952320000000,0.096000000000
1372616621,119.644390000000,0.102691100000
1372663566,125.244830000000,0.055000000000
1372832397,110.831320000000,0.100789980000
1372870498,104.157970000000,57.604064610000
1372870499,104.157970000000,4.000000000000
1372870499,103.930960000000,7.593820000000
1372870499,103.929090000000,166.309706240000
1372870499,103.916890000000,0.349482740000
1372870499,103.904350000000,158.428997730000
1372870499,103.731180000000,37.216790000000
1372870499,103.685780000000,1.117917220000
1372870499,103.623290000000,0.107960000000
1372870499,103.480150000000,7.593820000000
1372870499,103.442020000000,0.939842100000
1372870499,103.409580000000,0.010000000000
1372870500,103.409570000000,113.555300000000
1372870500,103.287110000000,4.961100000000
1372870500,103.285870000000,10.000000000000
1372870500,103.285870000000,0.179600000000
1372870500,103.285870000000,10.000000000000
1372870500,103.285870000000,0.050000000000
1372870500,103.280170000000,0.026992790000
1372870500,103.274180000000,4.659000000000
1372870500,103.226540000000,45.214446310000
1372870500,103.226540000000,2.112000000000
1372870500,103.226540000000,1.000000000000
1372870500,103.226540000000,0.055000000000
1372870500,103.226540000000,7.272700000000
1372870500,103.139030000000,0.250000000000
1372870500,103.112480000000,3.281143150000
1372870500,103.106290000000,52.372300000000
1372870500,103.056490000000,0.010000000000
1372870500,103.025830000000,0.010000000000
1372870500,103.025820000000,1.000000000000
1372870501,102.978230000000,4.840000000000
1372870501,102.914780000000,13.000000000000
1372870501,102.849160000000,0.469921050000
1372870501,102.815830000000,2.365400000000
1372870501,102.803460000000,7.208114900000
1372870501,102.791090000000,68.063182430000
1372870501,102.791090000000,0.010200000000
1372870501,102.791090000000,2.000000000000
1372870501,102.791090000000,0.250000000000
1372870501,102.791090000000,10.000000000000
1372870501,102.791090000000,3.754500000000
1372870501,102.765820000000,0.251500000000
1372870501,102.742450000000,0.138000000000
1372870501,102.730230000000,0.060200000000
1372870501,102.729320000000,0.100000000000
1372870501,102.729240000000,2.006000000000
1372870501,102.729240000000,0.086866940000
1372870501,102.729180000000,0.016714190000
1372870501,102.729180000000,0.015878480000
1372870501,102.729180000000,0.015000000000
1372870501,102.729180000000,0.015084560000
1372870501,102.714740000000,0.573585130000
1372870501,102.687180000000,16.864200000000
1372870502,102.686840000000,0.010936180000
1372870502,102.682530000000,4.782000000000
1372870502,102.679780000000,0.500000000000
1372870502,102.668770000000,0.027242680000
1372870502,102.667410000000,100.000000000000
1372870502,102.667410000000,11.000000000000
1372870502,102.667390000000,1.000000000000
1372870502,102.667390000000,1.000000000000
1372870502,102.667390000000,12.048200000000
1372870502,102.667390000000,2.000000000000
1372870502,102.667390000000,0.010000000000
1372870502,102.667390000000,5.000000000000
1372870502,102.667390000000,2.750000000000
1372870502,102.667390000000,0.100000000000
1372870502,102.667390000000,2.000000000000
1372870503,102.667390000000,1.000000000000
1372870503,102.667390000000,5.028984210000
1372870503,102.667390000000,3.000000000000
1372870503,102.667390000000,2.000000000000
1372870503,102.667390000000,5.000000000000
1372870503,102.667390000000,0.800000000000
1372870503,102.667390000000,0.010000000000
1372870503,102.667390000000,0.428797220000
1372870503,102.667390000000,0.010000000000
1372870503,102.667390000000,0.200000000000
1372870503,102.667390000000,0.050000000000
1372870503,102.667390000000,0.100000000000
1372870503,102.667390000000,3.830000000000
1372870503,102.667390000000,0.061100000000
1372870503,102.667390000000,0.216900000000
1372870503,102.664590000000,0.180700000000
1372870503,102.663490000000,5.000000000000
1372870503,102.653370000000,0.020100000000
1372870503,102.652250000000,0.167772160000
1372870503,102.634330000000,0.020100000000
1372870504,102.632330000000,0.073274590000
1372870504,102.628740000000,0.109774270000
1372870504,102.622030000000,0.020100000000
1372870504,102.593180000000,0.200000000000
1372870504,102.582660000000,0.039020000000
1372870504,102.572030000000,0.502968120000
1372890414,100.000000000000,22.075400000000
1372890414,100.000000000000,0.500000000000
1373170463,85.426620000000,20.075986090000
1373170772,85.426620000000,1.835529250000
1373173685,84.669020000000,0.019600000000
1373173685,84.669020000000,0.019600000000
1373173685,84.669020000000,0.019500000000
1373173685,84.662290000000,0.019300000000
1373173686,84.639690000000,0.022014720000
1373174151,85.426620000000,0.843955880000
1373177846,85.426620000000,1.933028780000
1373281285,100.921240000000,1.000000000000
1373336638,98.497760000000,10.000000000000
1373337017,99.237720000000,15.000000000000
1373516658,108.313670000000,0.101847290000
1374020434,125.829670000000,0.010000000000
1374020441,125.829660000000,0.004073920000
1374153139,114.749780000000,0.052100000000
1374175187,112.239080000000,0.000989480000
1374639100,117.767880000000,0.109000000000
1374788258,122.000000000000,14.405931470000
1375025143,122.000000000000,37.662216860000
1375251539,135.692060000000,0.518737280000
1375251569,140.000000000000,0.499758570000
1375272129,139.981060000000,3.000000000000
1375272129,140.000000000000,2.500241430000
1375272129,140.000000000000,15.904000000000
1375272129,140.079780000000,3.595758570000
1375715101,137.909530000000,20.000000000000
1375806156,136.700910000000,3.988431720000
1375806157,137.821410000000,0.050000000000
1375806157,137.830030000000,0.050000000000
1375806157,137.838650000000,5.911568280000
1375848030,132.351340000000,0.002000980000
1375849242,132.230660000000,0.000100000000
1375849246,131.746720000000,19.499900000000
1375878032,137.142320000000,1.000000000000
1375878108,137.142330000000,0.460321380000
1375878191,137.142330000000,0.010000000000
1375878270,137.142330000000,1.000000000000
1375878286,137.142330000000,1.000000000000
1375878305,137.142330000000,5.418278620000
1376018459,130.000000000000,20.000000000000
1376299872,134.365990000000,0.010000000000
1376299873,134.400160000000,1.653075580000
1376299873,134.406610000000,18.336924420000
1376448645,141.287980000000,0.053626070000
1376448645,141.288000000000,1.091098970000
1376448645,141.288000000000,1.128188360000
1376448645,141.294490000000,4.000000000000
1376448645,141.304860000000,13.727086600000
1376558560,141.830380000000,2.219065320000
1376581669,142.506460000000,5.000000000000
1376666660,140.684150000000,2.132400000000
1376671043,139.896960000000,0.875152030000
1376671057,139.896960000000,1.000000000000
1376671066,139.896960000000,1.000000000000
1376671086,139.896960000000,0.627447970000
1376752693,139.131060000000,0.010000000000
1376881334,142.002730000000,0.050882000000
1376899922,155.321670000000,0.649240110000
1376900234,153.000000000000,34.684921560000
1376900255,153.000000000000,1.300000000000
1376900906,153.000000000000,19.984767550000
1376901129,153.000000000000,0.100000000000
1376901229,153.000000000000,21.804227270000
1376901435,153.000000000000,8.111005180000
1376901445,152.750000000000,15.593228900000
1376901506,152.750000000000,19.728900000000
1376901510,152.750000000000,20.000000000000
1376901515,152.750000000000,20.000000000000
1376901520,152.750000000000,20.000000000000
1376901608,152.750000000000,19.728900000000
1376901614,152.750000000000,20.000000000000
1376901619,152.750000000000,20.000000000000
1376901639,152.750000000000,15.080104410000
1376901774,152.750000000000,0.997112000000
1376901852,152.750000000000,0.550350000000
1376901903,152.750000000000,17.449404200000
1376901925,152.750000000000,0.150000000000
1376902009,152.750000000000,10.000000000000
1376906513,152.500000000000,170.627378970000
1376908623,152.500000000000,129.372621030000
1376913259,150.000000000000,0.024897600000
1376926683,150.000000000000,90.018332730000
1377005629,154.838000000000,32.000000000000
1377541577,156.102890000000,12.761500000000
1377541577,156.440420000000,2.238500000000
1377934874,172.000000000000,2.200000000000
1377937760,173.000000000000,1.374991430000
1377942771,173.000000000000,3.625008570000
1377948351,175.000000000000,3.000000000000
1377954570,180.000000000000,3.132070160000
1377954849,180.000000000000,5.551959200000
1377954866,180.000000000000,1.315970640000
1378032738,182.000000000000,9.820000000000
1378039591,183.391260000000,0.094300000000
1378039591,184.682520000000,10.428109430000
1378702907,160.000000000000,0.658161970000
1378704859,160.000000000000,0.641838030000
1378738645,166.649770000000,5.000000000000
1378760601,166.307730000000,0.010000000000
1378783662,172.319110000000,0.009593240000
1378905877,173.174460000000,0.108900000000
1378938910,180.000000000000,1.292200000000
1378998642,174.077850000000,0.500000000000
1378999268,174.077850000000,1.500000000000
1378999782,174.077850000000,0.030000000000
1378999788,174.077850000000,0.030000000000
1378999790,174.077850000000,0.030000000000
1378999794,174.077850000000,0.030000000000
1378999796,174.077850000000,0.030000000000
1378999799,174.077850000000,0.030000000000
1378999803,174.077850000000,0.030000000000
1378999810,174.077850000000,0.080000000000
1378999814,174.077850000000,0.010734000000
1378999817,174.077850000000,0.080000000000
1378999822,174.077850000000,0.080000000000
1378999825,174.077850000000,0.080000000000
1378999828,174.077850000000,0.080000000000
1378999831,174.077850000000,0.080000000000
1378999835,174.077850000000,0.080000000000
1378999845,174.077850000000,0.090000000000
1378999850,174.077850000000,0.090000000000
1378999851,174.077850000000,0.090000000000
1378999859,174.077850000000,0.100000000000
1378999859,174.077850000000,0.090000000000
1378999861,174.077850000000,0.090000000000
1378999876,174.077850000000,0.090000000000
1378999878,174.077850000000,0.090000000000
1378999881,174.077850000000,0.090000000000
1379000904,174.077850000000,0.010000000000
1379000919,174.077850000000,0.010000000000
1379000923,174.077850000000,0.010000000000
1379000928,174.077850000000,0.010000000000
1379001375,174.077850000000,1.000000000000
1379002665,174.077850000000,0.012044540000
1379002754,174.077850000000,0.001000000000
1379002870,174.077850000000,18.599252350000
1379002879,174.077850000000,0.010000000000
1379002881,174.077850000000,0.010000000000
1379007331,174.077850000000,6.726969110000
1379142025,173.399430000000,18.484000000000
1379493502,172.086510000000,0.400000000000
1380155225,173.170080000000,1.276565000000
1380155260,173.170080000000,0.500000000000
1380155304,173.170080000000,1.157260070000
1380155311,173.170080000000,0.500000000000
1380155362,173.170080000000,0.500000000000
1380155403,173.170080000000,1.722774670000
1380155421,173.170080000000,0.500000000000
1380155471,173.170080000000,0.500000000000
1380155525,173.170080000000,0.500000000000
1380155554,173.170080000000,0.843400260000
1380172925,171.642390000000,8.000000000000
1380172976,171.642390000000,5.000000000000
1380173211,171.642390000000,10.000000000000
1380173275,171.642390000000,3.105000000000
1380479626,175.659300000000,1.000000000000
1380527217,179.950000000000,0.489000000000
1380532069,176.000000000000,3.478500000000
1380543140,179.324340000000,0.010000000000
1380543163,179.324340000000,0.010000000000
1380543169,179.950000000000,4.331981320000
1380688520,171.130980000000,0.800000000000
1380734577,161.862210000000,4.780154970000
1380735393,155.000000000000,40.700000000000
1380736135,150.000000000000,0.039201460000
1380847954,161.529900000000,0.439001780000
1380914391,167.500000000000,2.015155660000
1380914402,167.500000000000,0.484844340000
1381032548,166.504610000000,0.039021440000
1381532132,176.914370000000,7.048600000000
1381685393,176.009160000000,0.010000000000
1381685394,175.997010000000,3.321800000000
1381685394,175.936250000000,0.010000000000
1381685394,175.936250000000,0.010000000000
1381685405,175.936250000000,0.010000000000
1381685406,175.936250000000,0.021113420000
1381685419,176.000000000000,11.682600000000
1381685664,175.960530000000,3.000000000000
1381685824,175.960530000000,19.662895250000
1381685881,175.960530000000,2.507400000000
1381686041,175.960530000000,0.061486430000
1381686123,175.960530000000,0.250000000000
1381686251,175.960530000000,16.689113850000
1381686252,175.960530000000,0.100000000000
1381689571,175.960530000000,33.854079940000
1381714094,179.950000000000,0.179018680000
1381721080,182.194970000000,20.592182020000
1381752319,185.776510000000,0.011000000000
1381829620,190.344960000000,0.010671570000
1381889603,192.795920000000,0.742540210000
1381889604,192.771660000000,0.050000000000
1381889604,192.189630000000,0.015259790000
1381895543,193.523430000000,0.993570500000
1382030103,193.000000000000,1.766533800000
1382077078,191.094420000000,0.096823160000
1382077154,191.094420000000,5.000000000000
1382077339,191.088410000000,4.900000000000
1382080148,198.453640000000,5.039000000000
1382126054,200.000000000000,10.012174660000
1382145741,204.037190000000,2.507285710000
1382162954,206.699400000000,1.834009950000
1382162954,206.699350000000,0.149490050000
1382178706,235.900890000000,0.332737620000
1382178707,235.944300000000,0.299463860000
1382252950,219.249430000000,1.911694020000
1382273194,218.310750000000,0.010000000000
1382289117,219.756850000000,5.000000000000
1382321774,224.640280000000,2.487633380000
1382336224,228.908010000000,0.775553670000
1382336224,228.907990000000,12.705429740000
1382336226,228.666550000000,0.500000000000
1382336229,228.666550000000,0.283706020000
1382336235,228.666550000000,10.000000000000
1382336247,228.666550000000,10.000000000000
1382336252,228.666550000000,1.000000000000
1382336258,228.666550000000,1.553400000000
1382336266,228.666550000000,0.500000000000
1382336277,228.666550000000,32.681910570000
1382338788,229.523750000000,0.925400000000
1382342762,231.630970000000,0.942000000000
1382342799,232.592930000000,0.371514190000
1382342804,231.560300000000,3.671108310000
1382342824,232.592930000000,0.010000000000
1382363447,231.532370000000,0.200800000000
1382363464,231.532370000000,0.440000000000
1382363474,231.532370000000,0.010000000000
1382363483,231.532370000000,3.623802340000
1382363484,231.532370000000,0.009759620000
1382363520,231.532370000000,0.116426010000
1382363524,231.532370000000,0.900000000000
1382363525,231.532370000000,4.699212030000
1382407466,236.672090000000,1.204655860000
1382432133,246.134490000000,0.555012480000
1382487572,246.665740000000,3.000000000000
1382496881,251.236900000000,1.528968120000
1382588549,277.118320000000,0.669303500000
1382588559,277.118320000000,1.350458010000
1382721100,226.921560000000,1.658415680000
1382721100,227.492870000000,1.070790930000
1382721100,227.549070000000,2.892576730000
1382721100,227.555410000000,4.411319510000
1382721101,227.555420000000,10.000000000000
1382721101,227.935740000000,1.864247000000
1382721101,227.973770000000,0.858571200000
1382721101,227.986440000000,1.000000000000
1382721101,228.105360000000,0.158792120000
1382721101,228.113220000000,1.000000000000
1382721101,228.189280000000,0.879273680000
1382721101,228.189280000000,0.827513150000
1382871641,240.794770000000,5.000000000000
1382871684,240.794770000000,3.223400000000
1382917791,250.000000000000,0.024621720000
1383272750,254.392330000000,0.394742190000
1383272849,254.392330000000,5.000000000000
1383272888,254.392330000000,0.019600000000
1383272919,254.392330000000,0.585657810000
1383586464,284.000000000000,0.500000000000
1383591375,284.000000000000,5.000000000000
1383592517,284.000000000000,0.514202890000
1383592533,284.000000000000,1.000000000000
1383592545,284.000000000000,1.000000000000
1383592564,284.000000000000,0.970000000000
1383593054,284.000000000000,12.515797110000
1383682385,305.851610000000,1.353330560000
1383682402,305.851610000000,2.925799210000
1383695487,314.486370000000,7.150940000000
1383714828,321.399970000000,3.731500000000
1383714838,321.399970000000,0.010010000000
1383714859,321.399970000000,0.258490000000
1383814035,364.283510000000,3.577660180000
1383820945,380.346070000000,4.044144670000
1383844897,392.526150000000,2.000000000000
1383844919,392.526150000000,0.100000000000
1383844955,392.526150000000,0.100000000000
1383844964,392.526150000000,0.052919250000
1383900137,410.608350000000,10.742311470000
1383900138,412.209490000000,1.000000000000
1383900144,413.501500000000,0.000340510000
