1315756853,141.078030000000,25.000000000000
1315756853,141.038260000000,0.011019520000
1315756854,141.008590000000,0.554050470000
1315756854,140.912010000000,0.011029400000
1315756854,140.883510000000,0.554542770000
1315756854,140.784890000000,0.011039360000
1315756854,140.757550000000,0.555038850000
1315756855,140.657190000000,0.011049390000
1315756855,140.630720000000,0.555539090000
1315756855,140.622280000000,100.000000000000
1315756855,140.590570000000,0.500000000000
1315756855,140.532390000000,2.000000000000
1315756855,140.528320000000,0.011059520000
1315756855,140.503010000000,0.556043900000
1315756855,140.493410000000,0.017785070000
1315756855,140.398290000000,0.011069750000
1315756856,140.374440000000,0.556553710000
1315756856,140.354080000000,0.017802690000
1315756856,140.302300000000,30.087300000000
1315756856,140.267390000000,0.011080090000
1315756856,140.263900000000,0.026930000000
1315756856,140.263900000000,0.010660000000
1315756856,140.263900000000,0.011540000000
1315756856,140.263900000000,0.065050000000
1315756856,140.263900000000,0.038180000000
1315756856,140.263900000000,0.045050000000
1315756857,140.263900000000,0.155120000000
1315756857,140.263900000000,0.110120000000
1315756857,140.263900000000,0.076750000000
1315756857,140.263900000000,0.115680000000
1315756857,140.263900000000,0.079420000000
1315756857,140.244410000000,0.557068970000
1315756857,140.213570000000,0.017820540000
1315756857,140.212120000000,2.000000000000
1315756857,140.184770000000,10.000000000000
1315756857,140.135030000000,0.011090550000
1315756858,140.113500000000,0.557590160000
1315756858,140.101220000000,1.000000000000
1315756858,140.071610000000,0.017838620000
1315756858,140.001510000000,0.011101140000
1315756940,139.657090000000,0.014530410000
1315756941,139.657090000000,0.721485810000
1315756941,139.634110000000,0.017894510000
1315756941,139.633230000000,100.000000000000
1315756941,139.630320000000,0.750000000000
1315756941,139.630320000000,1.200000000000
1315756941,139.630320000000,6.000000000000
1315756941,139.630320000000,48.000000000000
1315756941,139.630320000000,14.500000000000
1315756941,88.429770000000,21.757812500000
1315756941,139.630320000000,1.000000000000
1315756941,139.630320000000,1.000000000000
1315756941,139.630320000000,5.000000000000
1315756941,139.590760000000,0.011133800000
1315756941,139.574180000000,0.559745030000
1315756942,139.484000000000,0.017913760000
1315756942,139.450260000000,0.011145020000
1315756942,139.448810000000,0.011120000000
1315756942,139.434840000000,0.560304350000
1315756942,139.331280000000,0.017933370000
1315756942,139.307430000000,0.011156440000
1315756942,139.293180000000,0.560873320000
1315756943,139.255070000000,0.010190000000
1315756943,139.253390000000,0.991000000000
1315756943,139.253390000000,2.600966660000
1315756943,139.176240000000,0.017953370000
1315756943,139.162270000000,0.011168070000
1315756943,139.149470000000,0.561452740000
1315756943,139.106710000000,0.103500000000
1315756943,139.077620000000,6.000000000000
1315756943,139.017990000000,0.017973790000
1315756943,139.014790000000,0.011179930000
1315756944,139.003150000000,0.562043530000
1315756944,138.901050000000,22.894500000000
1315756944,138.887010000000,0.148400000000
1315756944,138.864390000000,0.011192030000
1315756944,138.856830000000,0.017994660000
1315756944,138.854210000000,0.562646650000
1315756944,138.711090000000,0.011204410000
1315756944,138.702360000000,0.563263190000
1315756945,138.692180000000,0.018016040000
1315756945,138.666440000000,10.000000000000
1315756945,138.616550000000,0.813660000000
1315756945,138.616550000000,0.483690000000
1315756945,138.616550000000,0.061690000000
1315756945,138.616550000000,0.035510000000
1315756945,138.616550000000,0.016730000000
1315756945,138.612190000000,304.000000000000
1315756945,138.554300000000,0.011217070000
1315756945,138.547030000000,0.563894360000
1315756945,138.523460000000,0.018037950000
1315756945,138.456560000000,5.578300000000
1315756946,138.456560000000,1.075150000000
1315756946,138.456560000000,0.765400000000
1315756946,138.456560000000,1.516980000000
1315756946,138.456560000000,3.383530000000
1315756946,138.406810000000,0.098880000000
1315756946,138.394010000000,0.011230060000
1315756946,138.388200000000,0.564541510000
1315756946,138.350960000000,0.018060470000
1315756946,138.229950000000,0.011243400000
1315756946,138.225590000000,0.565206160000
1315756947,138.175840000000,5.000000000000
1315756947,138.173810000000,0.018083630000
1315756947,138.061520000000,0.011257130000
1315756947,138.058320000000,0.565890000000
1315756947,137.991410000000,0.018107520000
1315756947,137.914040000000,1.000000000000
1315756947,137.888150000000,0.011271280000
1315756947,137.886690000000,0.566595000000
1315756947,137.884950000000,10.490506320000
1315756948,137.803490000000,0.018132200000
1315756948,137.709530000000,0.011285900000
1315756948,137.709530000000,0.567323360000
1315756948,137.609470000000,0.018157770000
1315756948,137.526850000000,0.568077670000
1315756948,137.524820000000,0.011301050000
1315756949,137.408750000000,0.018184310000
1315756949,137.337480000000,0.568860890000
1315756949,137.333990000000,0.011316770000
1315756949,137.303150000000,64.434976690000
1315756949,137.199880000000,0.018211970000
1315756949,137.140830000000,0.569676530000
1315756949,137.135310000000,0.011333140000
1315756949,137.041350000000,200.000000000000
1315756949,137.012260000000,42.000000000000
1315756949,137.012260000000,2.137000000000
1315756950,136.982580000000,0.018240860000
1315756950,136.936040000000,0.570528720000
1315756950,136.928770000000,0.011350250000
1315756950,136.923820000000,0.112566700000
1315756950,136.755390000000,0.018271180000
1315756950,136.721650000000,0.571422440000
1315756950,136.721360000000,0.280000000000
1315756950,136.721360000000,20.000000000000
1315756950,136.721360000000,43.000000000000
1315756950,136.721360000000,1.000000000000
1315756951,136.712630000000,0.011368190000
1315756951,136.516860000000,0.018303100000
1315756951,136.496790000000,0.572363680000
1315756951,136.485730000000,0.011387090000
1315756951,136.372280000000,50.000000000000
1315756951,136.265230000000,0.018336900000
1315756951,136.262620000000,41.564995740000
1315756951,136.259710000000,0.573359860000
1315756952,136.246330000000,0.011407090000
1315756952,136.139570000000,8.875414520000
1315756952,136.139570000000,36.000000000000
1315756952,136.122990000000,23.361700000000
1315756952,136.008370000000,0.574420210000
1315756952,135.998480000000,0.018372890000
1315756952,135.992660000000,0.011428380000
1315756952,135.903360000000,0.022000000000
1315756952,135.903360000000,0.047170000000
1315756952,135.903360000000,0.021060000000
1315756952,135.903360000000,0.011160000000
1315756952,135.903360000000,0.012730000000
1315756953,135.903360000000,0.011640000000
1315756953,135.903360000000,0.016080000000
1315756953,135.903360000000,0.040910000000
1315756953,135.903360000000,0.031670000000
1315756953,135.903360000000,0.032530000000
1315756953,135.903360000000,0.033520000000
1315756953,135.903360000000,0.042080000000
1315756953,135.903360000000,0.044150000000
1315756953,135.903360000000,0.053780000000
1315756953,135.903360000000,0.045880000000
1315756953,135.903360000000,0.029330000000
1315756954,135.903360000000,0.050820000000
1315756954,135.903360000000,0.036890000000
1315756954,135.903360000000,0.062780000000
1315756954,135.903360000000,0.044980000000
1315756954,135.903360000000,0.040400000000
1315756954,135.857400000000,1.237430000000
1315756954,135.857400000000,0.509110000000
1315756954,135.857400000000,0.743640000000
1315756954,135.857400000000,0.363160000000
1315756954,135.857400000000,0.100060000000
1315756954,135.857400000000,0.049280000000
1315756954,135.857400000000,0.026670000000
1315756954,135.857400000000,1.261140000000
1315756955,135.857400000000,2.095790000000
1315756955,135.848960000000,10.000000000000
1315756955,135.739580000000,0.575556540000
1315756955,135.721550000000,0.011451190000
1315756955,135.713400000000,0.018411460000
1315756955,135.664240000000,0.010290000000
1315756955,135.664240000000,0.024590000000
1315756955,135.566370000000,20.000000000000
1315756955,135.557770000000,100.000000000000
1315756955,135.557770000000,8.126000000000
1315756955,135.537410000000,8.479350000000
1315756955,135.537410000000,1.539680000000
1315756955,135.537410000000,2.743250000000
1315756955,135.537410000000,5.583160000000
1315756956,135.450720000000,0.576784220000
1315756956,135.445780000000,0.131032600000
1315756956,135.430070000000,0.011475850000
1315756956,135.406800000000,0.018453140000
1315756956,135.266880000000,18.000000000000
1315756956,135.136850000000,0.578123880000
1315756956,135.113280000000,0.011502750000
1315756956,135.073720000000,0.018498640000
1315756956,135.049050000000,50.000000000000
1315756989,135.000000000000,5.000000000000
1315756991,134.791840000000,0.579604100000
1315756992,134.765080000000,0.011532470000
1315756992,134.707770000000,0.018548930000
1315756992,134.685080000000,2.619444920000
1315756992,134.685080000000,10.000000000000
1315756992,134.685080000000,20.000000000000
1315756992,134.539640000000,10.378434590000
1315756992,134.423570000000,16.320993410000
1315756992,134.406410000000,0.581266270000
1315756992,134.397100000000,19.734628540000
1315756992,134.394190000000,68.299432900000
1315756992,134.394190000000,100.000000000000
1315756992,134.394190000000,1.200000000000
1315756992,134.376150000000,0.011565850000
1315756993,134.298770000000,0.018605420000
1315756993,134.132380000000,10.000000000000
1315756993,134.109110000000,200.000000000000
1315756993,134.103290000000,10.000000000000
1315756993,134.103290000000,9.555000000000
1315756993,134.103290000000,26.780000000000
1315756993,134.103290000000,100.000000000000
1315756993,134.103290000000,1.000000000000
1315756993,134.103290000000,4.000000000000
1315756993,134.103290000000,25.000000000000
1315756993,134.060240000000,0.015120000000
1315756993,134.060240000000,0.011590000000
1315756993,134.060240000000,0.037530000000
1315756993,134.060240000000,0.028470000000
1315756993,134.060240000000,0.027480000000
1315756993,134.060240000000,0.020310000000
1315756994,134.060240000000,0.012890000000
1315756994,134.060240000000,0.011040000000
1315756994,134.060240000000,0.011160000000
1315756994,134.060240000000,0.054840000000
1315756994,134.060240000000,0.038840000000
1315756994,134.060240000000,0.037940000000
1315756994,134.060240000000,0.041010000000
1315756994,134.060240000000,0.050000000000
1315756994,134.060240000000,0.050310000000
1315756994,134.060240000000,0.051760000000
1315756994,134.060240000000,0.036820000000
1315756994,134.060240000000,0.066220000000
1315756994,134.060240000000,0.045840000000
1315756995,134.060240000000,0.075150000000
1315756995,134.060240000000,0.048270000000
1315756995,134.048310000000,42.948193070000
1315756996,134.048310000000,4.634755250000
1315756996,133.966860000000,0.583173650000
1315756996,133.932530000000,0.011604160000
1315756996,133.832180000000,0.018670260000
1315756996,133.815300000000,15.983558980000
1315756996,133.812690000000,68.143445070000
1315756996,133.812390000000,0.010000000000
1315756996,133.812390000000,2.000000000000
1315756996,133.812390000000,27.873156520000
1315756996,133.812390000000,5.000000000000
1315756997,133.812390000000,100.000000000000
1315756997,133.812390000000,59.115900510000
1316370834,152.000000000000,0.500000000000
1316417236,155.000000000000,0.500000000000
1316468885,164.349270000000,1.000000000000
1316496308,170.123890000000,2.160000000000
1316496308,170.123890000000,1.050037740000
1316496308,170.123890000000,0.259962260000
1316501599,181.355100000000,1.230550000000
1316527263,210.470150000000,104.220000000000
1316527263,212.375180000000,10.000000000000
1316527263,214.181480000000,6.829800000000
1316527263,214.276720000000,41.290000000000
1316527263,214.279890000000,37.576006060000
1316527263,214.279890000000,170.000000000000
1316527263,214.279890000000,1.000000000000
1316527263,214.913520000000,0.223104000000
1316527263,214.914790000000,0.700000000000
1316527263,214.914790000000,9.940000000000
1316527263,214.978280000000,16.179581040000
1316527264,215.000000000000,11.000000000000
1316527267,215.000000000000,1.959500000000
1316527267,215.000000000000,54.000000000000
1316527333,212.692630000000,0.908109800000
1316527334,213.233570000000,0.182005820000
1316527334,213.233570000000,0.410000000000
1316527334,213.233570000000,0.410000000000
1316527334,214.121160000000,1.350000000000
1316527334,214.216400000000,22.144000000000
1316527334,214.216400000000,12.176000000000
1316527334,214.216400000000,4.176000000000
1316527334,214.248150000000,0.989000000000
1316527334,214.248150000000,17.512000000000
1316527334,214.279570000000,217.694600240000
1316527334,214.279890000000,300.000000000000
1316527334,214.999870000000,68.000000000000
1316527335,214.999870000000,4.192000000000
1316527335,214.999870000000,4.192000000000
1316527335,215.137010000000,7.000000000000
1316527335,215.232250000000,338.664284140000
1316527413,210.787600000000,9.397200000000
1316527413,212.692000000000,25.220000000000
1316527413,212.692630000000,66.249229010000
1316527413,213.327540000000,14.874270990000
1316527453,213.233570000000,0.100000000000
1316527453,213.263410000000,1.630717890000
1316541842,180.555080000000,0.010000000000
1316541842,180.151160000000,0.010000000000
1316611897,192.037200000000,2.969480000000
1316611920,192.037210000000,0.060520000000
1316620909,175.100000000000,1.266861900000
1316664040,175.499250000000,0.002000000000
1317039812,170.062690000000,0.030000000000
1317104696,165.860760000000,0.500000000000
1317194803,158.630070000000,2.505261260000
1318013839,134.420040000000,0.010100000000
1318013840,134.007710000000,0.010100000000
1318013840,133.622150000000,0.800000000000
1318013840,133.595380000000,0.010100000000
1318013840,133.183050000000,0.010100000000
1318013840,132.770720000000,0.010100000000
1318013840,132.535100000000,0.634900000000
1318013840,132.358380000000,0.010100000000
1318013840,131.946050000000,0.010100000000
1318013840,131.848650000000,0.010100000000
1318013840,131.782490000000,30.000000000000
1318013840,131.779310000000,3.410000000000
1318013840,131.630280000000,15.000000000000
1318013840,131.592550000000,49.000000000000
1318013840,131.592550000000,41.110855150000
1318013840,131.592230000000,33.410000000000
1318013840,131.533720000000,0.010100000000
1318013841,131.275140000000,24.953288980000
1318013841,131.275140000000,0.810000000000
1318013841,131.275140000000,10.224586950000
1318013841,131.275140000000,0.100000000000
1318013841,131.275140000000,25.000000000000
1318013841,131.244270000000,0.075930000000
1318013841,131.244270000000,0.037140000000
1318013841,131.212360000000,8.269870000000
1318013841,131.135620000000,0.010100000000
1318013841,131.121390000000,0.010100000000
1318013841,131.116600000000,15.476737600000
1318013841,131.058510000000,0.370400000000
1318013841,130.958050000000,0.810000000000
1318013841,130.956150000000,0.522080000000
1318013841,130.942200000000,0.396660000000
1318013841,130.874970000000,0.113740000000
1318013841,130.872440000000,0.237500000000
1318013841,130.852110000000,50.000000000000
1318013841,130.824870000000,0.010100000000
1318013841,130.789840000000,0.000197080000
1318013842,130.776680000000,0.191350000000
1318013842,130.776680000000,0.064010000000
1318013842,130.776680000000,0.112710000000
1318013842,130.776680000000,0.030830000000
1318013842,130.776680000000,0.010870000000
1318013842,130.776680000000,0.010260000000
1318013842,130.776680000000,0.011920000000
1318013842,130.776680000000,0.014950000000
1318013842,130.776680000000,0.012980000000
1318013842,130.776680000000,0.010280000000
1318013842,130.776680000000,0.025290000000
1318013843,130.776680000000,0.030750000000
1318013843,130.776680000000,0.035940000000
1318013843,130.776680000000,0.070830000000
1318013843,130.776680000000,0.059750000000
1318013843,130.776680000000,0.088610000000
1318013843,130.776680000000,0.072750000000
1318013843,130.774140000000,123.410000000000
1318013843,130.736090000000,30.000000000000
1318013843,130.708500000000,4.302920000000
1318013843,130.647300000000,17.000000000000
1318013843,130.640960000000,10.000000000000
1318013843,130.640960000000,6.500000000000
1318013843,130.640960000000,0.099550970000
1318013843,130.640960000000,2.000000000000
1318013844,130.640960000000,14.560000000000
1318013844,130.577540000000,10.000000000000
1318013844,130.567400000000,1.000000000000
1318013844,130.514130000000,0.010100000000
1318013844,130.471620000000,33.000000000000
1318013844,130.471620000000,1.000000000000
1318013844,130.471620000000,10.000000000000
1318013844,130.457050000000,1189.000000000000
1318013844,130.431370000000,10.000000000000
1318013844,130.323870000000,5.000000000000
1318013844,130.323870000000,15.530000000000
1318013844,130.323870000000,100.000000000000
1318013844,130.323870000000,500.000000000000
1318013844,130.323870000000,0.810000000000
1318013844,130.296730000000,0.010100000000
1318013844,130.242060000000,2.372780000000
1318013844,130.224310000000,6.408717760000
1318013844,130.203380000000,0.010100000000
1318013844,130.038490000000,7.113189460000
1318013844,130.006780000000,1.000000000000
1318013844,130.006780000000,1.000000000000
1318013844,130.006780000000,14.338578040000
1318013844,130.006780000000,10.000000000000
1318013845,130.006780000000,5.000000000000
1318013845,130.006780000000,3.000000000000
1318013845,130.006780000000,20.000000000000
1318013845,130.006780000000,0.240000000000
1318013845,130.006780000000,0.100000000000
1318013845,130.006780000000,7.000000000000
1318013845,130.006780000000,1.000000000000
1318013845,130.006780000000,0.200000000000
1318013845,130.006780000000,200.000000000000
1318013845,130.006780000000,1.000000000000
1318013845,130.006780000000,0.410000000000
1318013845,130.006780000000,125.000000000000
1318013845,130.006780000000,3.000000000000
1318013845,130.006780000000,1.000000000000
1318013845,130.006780000000,10.000000000000
1318013845,130.006780000000,500.000000000000
1318013845,130.006780000000,0.100000000000
1318013845,130.006780000000,3.000000000000
1318013845,130.006780000000,0.810000000000
1318013845,130.006780000000,0.292682920000
1318013845,130.006780000000,9.000000000000
1318013845,130.006780000000,2.050000000000
1318013845,130.006780000000,10.000000000000
1318013845,129.978880000000,0.010830000000
1318013845,129.892630000000,0.010100000000
1318013845,129.884400000000,0.010100000000
1318013846,129.776910000000,0.900000000000
1318013846,129.762620000000,0.510070130000
1318013846,129.721400000000,0.011100000000
1318013846,129.689690000000,0.503018120000
1318013846,129.689690000000,18.000000000000
1318013846,129.612640000000,5.578750000000
1318013846,129.581880000000,0.010100000000
1318013846,129.515610000000,0.239090000000
1318013846,129.472060000000,0.010100000000
1318013846,129.372600000000,0.311300000000
1318013846,129.271130000000,0.010100000000
1318013846,129.261620000000,0.014820000000
1318013846,129.240100000000,887.000000000000
1318013846,129.174740000000,0.110000000000
1318013846,129.142080000000,55.000000000000
1318013846,129.059730000000,0.010100000000
1318013846,129.055510000000,5.000000000000
1318013846,129.055510000000,3.021000000000
1318013846,128.960390000000,0.010100000000
1318013846,128.880500000000,100.000000000000
1318013846,128.782820000000,0.500000000000
1318013846,128.738420000000,0.923105910000
1318013847,128.738420000000,120.000000000000
1318013847,128.738420000000,10.000000000000
1318013847,128.649640000000,0.010100000000
1318013847,128.647400000000,0.010100000000
1318013847,128.572590000000,0.025820000000
1318013847,128.562280000000,1000.000000000000
1318013847,128.428630000000,0.021620000000
1318013847,128.424190000000,3.470000000000
1318013847,128.421330000000,71.350000000000
1318013847,128.421330000000,40.000000000000
1318013847,128.421330000000,10.000000000000
1318013847,128.421330000000,5.000000000000
1318013847,128.421330000000,0.100000000000
1318013847,128.421330000000,10.000000000000
1318013847,128.421330000000,0.910000000000
1318013847,128.421330000000,20.000000000000
1318013847,128.421330000000,10.000000000000
1318013847,128.421330000000,3.149249380000
1318013847,128.421330000000,123.410000000000
1318013847,128.338890000000,0.010100000000
1318013847,128.331280000000,11.098400000000
1318013847,128.271030000000,0.035260000000
1318013847,128.239320000000,6.729760000000
1318013848,128.235070000000,0.010100000000
1318013848,128.105310000000,0.010100000000
1318013848,128.104240000000,200.000000000000
1318013848,128.104240000000,26.000000000000
1318013848,128.104240000000,0.830000000000
1318013848,128.104240000000,125.000000000000
1318013848,128.046550000000,3.000000000000
1318013848,128.028140000000,0.010100000000
1318013848,127.991680000000,11.274577900000
1318013848,127.925830000000,500.000000000000
1318013848,127.925830000000,37.000000000000
1318013848,127.865360000000,0.384600000000
1318013848,127.822740000000,0.010100000000
1318013848,127.822350000000,18.800000000000
1318013848,127.818550000000,0.250000000000
1318013848,127.787150000000,24.414367240000
1318013848,127.787150000000,150.000000000000
1318013848,127.787150000000,5.000000000000
1318013848,127.787150000000,20.000000000000
1318013848,127.787150000000,14.229843670000
1318013848,127.719930000000,6.534378890000
1318013848,127.717390000000,0.010100000000
1318013848,127.696470000000,12.458800000000
1318013849,127.682520000000,22.000000000000
1318013849,127.610790000000,10.000000000000
1318013849,127.565190000000,1.342803870000
1318013849,127.565190000000,100.000000000000
1318013849,127.501770000000,1.185491170000
1318013849,127.486140000000,10.000000000000
1318013849,127.476410000000,200.000000000000
1318013849,127.470070000000,8.000000000000
1318013849,127.470070000000,15.713584570000
1318013849,127.470070000000,2.000000000000
1318013849,127.470070000000,100.000000000000
1318013849,127.470070000000,9.079855720000
1318013849,127.453260000000,0.829750000000
1318013849,127.438360000000,40.000000000000
1318013849,127.410410000000,0.010100000000
1318013849,127.406650000000,0.010100000000
1318013849,127.403480000000,1.000000000000
1318013849,127.324390000000,10.000000000000
1318013849,127.289390000000,1.000000000000
1318013849,127.289390000000,0.200000000000
1318013849,127.289390000000,50.000000000000
1318013849,127.289390000000,0.250000000000
1318013849,127.289390000000,0.100000000000
1318013849,127.289390000000,4.168355000000
1318013850,127.289390000000,10.000000000000
1318013850,127.289390000000,1.010000000000
1318013850,127.184680000000,0.250000000000
1318013850,127.184680000000,6.494043870000
1318013850,127.184680000000,117.630500000000
1318013850,127.152980000000,0.019022440000
1318013850,127.152980000000,30.000000000000
1318013850,127.152980000000,20.000000000000
1318013850,127.152980000000,50.000000000000
1318013850,127.152980000000,0.467581050000
1318013850,127.152980000000,3.000000000000
1318013850,127.152980000000,125.000000000000
1318013850,127.152980000000,1.000000000000
1318013850,127.152980000000,25.000000000000
1318013850,127.152980000000,10.000000000000
1318013850,127.152980000000,1.000000000000
1318013850,127.152980000000,1.000000000000
1318013850,127.152980000000,99.750623440000
1318013850,127.152980000000,120.000000000000
1318013850,127.152980000000,50.000000000000
1318013850,127.152980000000,20.000000000000
1318013850,127.095900000000,0.010100000000
1318013850,127.089560000000,50.000000000000
1318013850,126.994430000000,0.035320000000
1318013850,126.931010000000,5.000000000000
1318013851,126.892970000000,1.000000000000
1318013851,126.867590000000,97.772987480000
1318304427,127.407450000000,0.010000000000
1318757094,121.000000000000,12.660000000000
1318757690,121.000000000000,1.980000000000
1318757774,121.000000000000,1.000000000000
1318780239,114.885680000000,0.010000000000
1318790558,109.500890000000,0.071667400000
1318790558,109.532630000000,0.216570000000
1318790558,109.550400000000,0.049380000000
1318790558,109.905860000000,0.467520000000
1318790593,110.000000000000,0.490001600000
1318790594,110.129930000000,0.020000000000
1318790594,110.129930000000,0.010000000000
1318790594,110.316230000000,0.126610000000
1318790594,110.349870000000,0.019690000000
1318790594,110.354320000000,1.036110000000
1318790594,110.354320000000,0.117730000000
1318790594,110.398750000000,0.165050000000
1318790595,110.447310000000,4.524000000000
1318790595,110.447310000000,0.010000400000
1318790595,110.447310000000,0.020000800000
1318790595,110.567910000000,7.524000000000
1318790595,110.567910000000,4.524000000000
1318790595,110.764690000000,0.010000000000
1318790595,110.764690000000,0.020000000000
1318790595,110.805310000000,0.124840000000
1318790595,110.808170000000,0.083980000000
1318790595,110.879580000000,1.258160000000
1318790595,110.901160000000,0.083870000000
1318790595,110.980500000000,0.661830000000
1318790597,111.014150000000,0.025840000000
1318790597,111.015100000000,2.780001600000
1318790597,111.079530000000,4.260001600000
1318790597,111.082060000000,92.934156800000
1318790600,111.000000000000,50.000000000000
1318790613,111.013830000000,0.714387840000
1318790613,111.050330000000,25.524000000000
1318790613,111.082060000000,73.761612160000
1318790627,111.082060000000,66.849065070000
1318790628,111.082060000000,0.020000000000
1318790628,111.082060000000,27.970000000000
1318790628,111.082060000000,5.160934930000
1318790636,111.000000000000,0.760000000000
1318790643,111.000000000000,6.500000000000
1318790649,111.000000000000,1.760000000000
1318790707,111.081110000000,1.699314000000
1318790707,111.082060000000,23.402631040000
1318790707,111.157280000000,5.197250000000
1318790707,111.192510000000,0.109630000000
1318790707,111.300100000000,1.318370000000
1318790707,111.399440000000,0.010000400000
1318790707,111.399440000000,0.020000800000
1318790707,111.399440000000,4.000000000000
1318790707,111.716820000000,0.010000800000
1318790707,111.716820000000,0.020001600000
1318790707,111.873600000000,0.013080000000
1318790716,112.034200000000,0.020000000000
1318790716,112.034200000000,0.010000000000
1318790716,112.121160000000,0.300610000000
1318790716,112.164320000000,1.760000000000
1318790716,112.188440000000,0.079640000000
1318790716,112.197330000000,3.112710000000
1318790716,112.197330000000,0.424730000000
1318790716,112.286190000000,0.358460000000
1318790716,112.351570000000,0.010000000000
1318790716,112.351570000000,0.020000800000
1318790716,112.444250000000,0.090510000000
1318790716,112.637210000000,27.576000000000
1318790716,112.668950000000,0.010000400000
1318790716,112.668950000000,11.800000000000
1318790716,112.668950000000,0.020001600000
1318790717,112.750520000000,0.266630000000
1318790717,112.755910000000,0.179250000000
1318790717,112.757820000000,31.524000000000
1318790717,112.787970000000,2.203150000000
1318790717,112.819710000000,8.513790000000
1318790717,112.890480000000,0.170080000000
1318790717,112.898410000000,2.670890000000
1318790717,112.941580000000,0.376700000000
1318790717,112.986330000000,0.010000800000
1318790717,112.986330000000,0.020002400000
1318790722,113.000000000000,0.500000000000
1318790722,113.000000000000,2.957949840000
1318790724,113.000000000000,5.014894160000
1318790724,112.000000000000,59.185105840000
1318790741,112.000000000000,1.000000000000
1318790749,112.000000000000,0.500000000000
1318790751,112.000000000000,3.514615520000
1318790751,112.000000000000,79.236719900000
1318790757,112.000000000000,20.763280100000
1318790804,112.000000000000,0.500000000000
1318790812,112.000000000000,77.526300000000
1318790827,112.000240000000,0.500000000000
1318790829,112.500000000000,0.500000000000
1318790838,112.500000000000,0.500000000000
1318790846,112.500000000000,20.389212380000
1318790849,112.500000000000,0.500000000000
1318790861,112.500000000000,0.500000000000
1318790866,112.500000000000,0.636611180000
1318790871,112.500000000000,1.000000000000
1318790874,112.500000000000,0.500000000000
1318790887,112.600000000000,0.500000000000
1318790925,112.600000000000,19.089600000000
1318825376,114.000000000000,100.000000000000
1318825376,114.100000000000,100.000000000000
1318825376,114.200000000000,100.000000000000
1318825376,114.300000000000,100.000000000000
1318825376,114.400000000000,100.000000000000
1318825377,114.500000000000,100.000000000000
1318825377,114.600000000000,100.000000000000
1318825377,114.700000000000,100.000000000000
1318825377,114.800000000000,16.479923600000
1318934925,84.226380000000,0.013558340000
1319008564,75.000000000000,3.564998150000
1319009598,75.000000000000,46.435001850000
1319009599,74.950000000000,50.000000000000
1319009599,74.900000000000,50.000000000000
1319009599,74.850000000000,50.000000000000
1319009599,74.800000000000,50.000000000000
1319009599,74.750000000000,50.000000000000
1319009599,74.700000000000,50.000000000000
1319009599,74.650000000000,17.678392720000
1319010518,73.950000000000,50.000000000000
1319178196,77.000000000000,50.000000000000
1319205878,78.179630000000,0.011233340000
1319205888,78.179620000000,0.328766660000
1319262915,87.319240000000,0.020087200000
1319262915,87.319240000000,1.000000000000
1319262915,87.733780000000,249.500000000000
1319262917,88.000000000000,0.020090400000
1319262946,88.066520000000,0.010500000000
1319262946,88.201250000000,0.020093600000
1319262946,88.201250000000,0.097319670000
1319262946,88.201250000000,1.000000000000
1319262946,88.201250000000,1.000000000000
1319262946,88.642260000000,0.020104900000
1319262974,88.996140000000,9.715000000000
1319262974,89.083260000000,0.020104900000
1319262974,89.492500000000,7.585331180000
1319262974,89.492500000000,2.500000000000
1319262974,89.492500000000,0.529048610000
1319262974,89.492500000000,11.000000000000
1319262974,89.492500000000,1000.000000000000
1319262974,89.492500000000,1.000000000000
1319262974,89.492500000000,26.000000000000
1319262974,89.492500000000,383.760000000000
1319262974,89.492500000000,7.700000000000
1319262974,89.524270000000,0.020112000000
1319262974,89.689700000000,0.059360000000
1319262974,89.689700000000,0.157340000000
1319262974,89.704080000000,0.010000000000
1319262974,89.741800000000,0.100000000000
1319262974,89.803490000000,2.835950000000
1319262975,89.812110000000,0.010236900000
1319262975,89.812110000000,0.100000000000
1319262975,89.831930000000,0.244890000000
1319262975,89.894580000000,68.478137920000
1319262975,89.908000000000,0.713454300000
1319262975,89.965280000000,0.020114400000
1319262975,89.993980000000,30.000000000000
1319263059,89.699930000000,0.082700000000
1319263059,89.725820000000,0.034080000000
1319263059,90.047030000000,0.225230000000
1319263059,90.050870000000,0.013940000000
1319263059,90.068450000000,0.118710000000
1319263059,90.339280000000,4.000000000000
1319263059,90.406280000000,0.020114400000
1319263059,90.414270000000,0.010000000000
1319263059,90.569920000000,0.013628420000
1319263059,90.783110000000,8.763000000000
1319263059,90.783750000000,16.574053510000
1319263059,90.831050000000,14.653490000000
1319263059,90.843200000000,5.892310000000
1319263059,90.847290000000,0.020116800000
1319263060,90.925660000000,0.010770000000
1319263060,90.952820000000,30.000000000000
1319263060,90.991500000000,0.712459800000
1319263060,90.994690000000,15.000000000000
1319263060,91.010680000000,0.101920000000
1319263060,91.084190000000,9.377973120000
1319263060,91.089940000000,10.000000000000
1319263060,91.090260000000,99.600000000000
1319263060,91.090580000000,0.010247100000
1319263060,91.090580000000,14.800000000000
1319263060,91.090580000000,0.020211200000
1319263060,91.090580000000,652.000000000000
1319263060,91.090580000000,0.100000000000
1319263060,91.090580000000,5.000000000000
1319263060,91.090580000000,995.000000000000
1319263060,91.090580000000,5.000000000000
1319263060,91.090580000000,29.000000000000
1319263060,91.216830000000,0.775920000000
1319263060,91.217150000000,1.362760000000
1319263060,91.217150000000,0.685520000000
1319263060,91.224820000000,8.111188660000
1319263060,91.245590000000,0.010000000000
1319263060,91.245910000000,0.010000000000
1319263061,91.268290000000,0.238900000000
1319263061,91.276390000000,1.706480000000
1319263061,91.288290000000,0.020121600000
1319263061,91.288290000000,0.976000000000
1319263061,91.311110000000,0.010000000000
1319263061,91.344340000000,10.000000000000
1319263061,91.394210000000,1.000000000000
1319263061,91.410200000000,0.010248200000
1319263061,91.410200000000,0.020306100000
1319263061,91.410200000000,0.100000000000
1319263061,91.410200000000,42.000000000000
1319263061,91.410200000000,100.000000000000
1319263061,91.443430000000,18.180000000000
1319263061,91.443430000000,1.000000000000
1319263061,91.592060000000,30.909798930000
1319263061,91.609640000000,20.000000000000
1319263061,91.729300000000,0.020125600000
1319263061,91.729810000000,0.010249600000
1319263062,91.729810000000,0.020215300000
1319263062,91.729810000000,0.100000000000
1319263062,91.729810000000,200.000000000000
1319263062,91.827020000000,0.010000000000
1319263062,91.834010000000,8.150180000000
1319263062,91.856060000000,2.760006900000
1319263062,91.889620000000,0.800000000000
1319263062,91.910710000000,0.612720000000
1319263062,91.918700000000,0.140360000000
1319263062,91.921580000000,0.120000000000
1319263062,91.934690000000,16.413200900000
1319263062,91.945870000000,1.177741210000
1319263062,91.953540000000,0.399290000000
1319273275,90.000000000000,14.701367060000
1319278327,90.000000000000,20.000000000000
1319278350,90.000000000000,5.000000000000
1319281068,90.000000000000,5.000000000000
1319281169,90.000000000000,3.000000000000
1319281235,90.000000000000,2.000000000000
1319285162,88.853270000000,65.876033580000
1319285233,89.812110000000,40.000000000000
1319285447,90.102330000000,49.620000000000
1319285447,90.102970000000,19.164000000000
1319285447,90.134930000000,31.216000000000
1319285465,90.102330000000,39.190000000000
1319285465,90.164010000000,60.810000000000
1319285542,90.164010000000,4.190000000000
1319285542,90.450710000000,29.430000000000
1319285542,90.451350000000,7.571789340000
1319285542,90.767770000000,39.840000000000
1319285542,90.767770000000,9.240000000000
1319285542,90.767770000000,9.728210660000
1319285595,90.739000000000,0.048010200000
1319285595,90.770960000000,0.020605000000
1319285595,90.770960000000,0.010444900000
1319285596,91.026660000000,99.920939900000
1319285635,91.026340000000,0.801632540000
1319285635,91.086740000000,44.400000000000
1319285635,91.087380000000,49.785000000000
1319285635,91.090580000000,5.013367460000
1319285669,91.089940000000,38.620000000000
1319285669,91.090580000000,0.200000000000
1319285669,91.090580000000,0.010448400000
1319285669,91.090580000000,4.986632540000
1319285669,91.090580000000,0.020606300000
1319285669,91.410200000000,0.020704300000
1319285669,91.410200000000,0.010450900000
1319285669,91.410200000000,0.550000000000
1319285669,91.557220000000,0.039735000000
1319285669,91.637120000000,0.136337180000
1319285669,91.637120000000,0.135687520000
1319285670,91.729810000000,0.020597400000
1319285670,91.729810000000,0.010448600000
1319285670,91.751860000000,0.136268790000
1319285701,91.058620000000,52.470000000000
1319285701,91.090580000000,8.470000000000
1319285702,91.090580000000,19.470000000000
1319285702,91.090580000000,19.590000000000
1319285742,91.090580000000,30.410000000000
1319285934,91.458140000000,0.133906480000
1319285934,92.106640000000,0.031048900000
1319285934,92.170310000000,0.020293300000
1319285934,92.234800000000,0.010000000000
1319285934,92.235120000000,0.010000000000
1319285934,92.235120000000,0.010000000000
1319285934,92.235120000000,0.010000000000
1319285934,92.235120000000,0.010000000000
1319285935,92.305120000000,62.700000000000
1319285935,92.362650000000,8.900000000000
1319285935,92.365210000000,5.000000000000
1319285935,92.369040000000,0.010454000000
1319285935,92.369040000000,0.020610400000
1319285935,92.369040000000,23.133686920000
1319286069,91.362250000000,0.047513200000
1319286069,91.800450000000,0.023259600000
1319286069,92.368400000000,23.650000000000
1319286069,92.369040000000,81.866313080000
1319286069,92.369040000000,17.700000000000
1319286069,92.369040000000,7.700000000000
1319286069,92.369040000000,7.700000000000
1319286070,92.369040000000,17.700000000000
1319286070,92.369040000000,7.700000000000
1319286070,92.565930000000,3.822416380000
1319286070,92.601720000000,0.134982070000
1319286070,92.601720000000,0.134746720000
1319286070,92.601720000000,0.134171070000
1319286070,92.611310000000,0.020301500000
1319286070,92.616430000000,0.090951000000
1319286070,92.624740000000,67.700000000000
1319286070,92.656700000000,263.875345380000
1319286206,91.800450000000,0.023259600000
1319286206,92.656060000000,25.030000000000
1319286206,92.656700000000,24.946740400000
1319286264,92.369040000000,5.000000000000
1319286264,92.656700000000,45.000000000000
1319286266,92.656700000000,50.000000000000
1319287261,92.369040000000,4.033062290000
1319287261,92.581270000000,21.931101880000
1319287261,92.583190000000,7.700000000000
1319287261,92.583190000000,7.700000000000
1319287261,92.583190000000,17.700000000000
1319287261,92.583190000000,7.700000000000
1319287261,92.616430000000,0.090951000000
1319287261,92.656700000000,35.177914220000
1319287261,92.688660000000,0.020612600000
1319287262,92.688660000000,0.010456700000
1319287262,92.688660000000,1.104872040000
1319287262,92.688660000000,13.800000000000
1319287262,92.688660000000,0.198800000000
1319287262,92.688660000000,1.137900000000
1319287262,92.688660000000,0.790000000000
1319287262,92.762170000000,0.133563130000
1319287262,92.912390000000,80.770766140000
1319287899,92.049430000000,34.221037090000
1319287899,93.327890000000,10.000000000000
1319287899,93.327890000000,155.778962910000
1319288343,93.000000000000,200.000000000000
1319288419,93.000000000000,17.470000000000
1319288519,93.000000000000,171.844000000000
1319288535,93.000000000000,1.000000000000
1319288615,93.000000000000,200.000000000000
1319288615,93.000000000000,9.686000000000
1319288667,93.000000000000,200.000000000000
1319288682,92.999970000000,13.380000000000
1319288687,93.000000000000,13.380000000000
1319289368,93.000000000000,194.391000000000
1319289559,93.000000000000,5.609000000000
1319289559,93.000000000000,194.391000000000
1319289739,93.000000000000,5.609000000000
1319289739,93.000000000000,175.110748210000
1319289793,93.000000000000,2.741387730000
1319290147,93.000000000000,5.000000000000
1319290159,93.000000000000,17.147864060000
1319290159,93.000000000000,2.852135940000
1319290999,93.000000000000,27.220000000000
1319291049,93.000000000000,2.862397260000
1319296019,93.400000000000,100.000000000000
1319298583,93.300000000000,100.000000000000
1319298583,93.200000000000,100.000000000000
1319298583,93.100000000000,9.853784250000
1319312583,101.431440000000,40.000000000000
1319312625,101.708230000000,6.519300000000
1319312625,101.892640000000,0.760006900000
1319312625,101.925880000000,34.300000000000
1319312625,101.928760000000,10.380000000000
1319312625,101.957530000000,9.040693100000
1319367163,95.000000000000,23.189300110000
1319374249,95.000000000000,26.810699890000
1319435300,97.000000000000,50.000000000000
1319438553,96.000000000000,50.000000000000
1319441316,96.000000000000,50.000000000000
1319441891,95.000000000000,6.529180750000
1319441892,95.000000000000,3.821345560000
1320121214,94.294790000000,4.120000000000
1320616210,92.500000000000,4.002876560000
1320616389,92.500000000000,6.792100000000
1320616404,92.500000000000,10.000000000000
1320616430,92.500000000000,10.000000000000
1320621730,92.500000000000,17.383468570000
1320621752,92.500000000000,2.710300000000
1320621813,92.500000000000,1.840000000000
1320621827,92.500000000000,10.000000000000
1320621843,92.500000000000,10.000000000000
1320621862,92.500000000000,10.000000000000
1320621887,92.500000000000,6.840000000000
1320621906,92.500000000000,10.000000000000
1320621945,92.500000000000,9.952100000000
1320621982,92.500000000000,10.000000000000
1320621991,92.500000000000,6.747617430000
1320622075,92.500000000000,31.688449020000
1320624281,92.500000000000,3.252253160000
1320624751,92.500000000000,0.400000000000
1320624937,92.500000000000,9.000000000000
1320659418,92.500000000000,4.088219930000
1320681323,92.500000000000,69.351515330000
1320829514,92.400000000000,541.125500000000
1320829515,92.300000000000,335.493637950000
1320829518,92.300000000000,70.000000000000
1320829541,92.300000000000,1.700000000000
1320829583,92.300000000000,0.994368240000
1320829650,92.300000000000,133.523793810000
1320829665,92.200000000000,542.299300000000
1320829666,92.100000000000,542.888200000000
1320829666,92.000000000000,327.074201640000
1320829749,92.000000000000,216.404098360000
1320831979,91.900000000000,544.069600000000
1320832216,92.529300000000,0.000114010000
1321285945,71.000000000000,0.372100000000
1322737723,93.043050000000,10.000000000000
1322741673,96.951650000000,0.500000000000
1322741673,97.118600000000,2.000000000000
1322741673,97.213810000000,5.000000000000
1322741677,97.217300000000,2.013000000000
1323414965,93.308210000000,0.030000000000
1323496981,93.464050000000,0.030000000000
1323579889,95.829660000000,0.146520000000
1323594684,100.000000000000,0.368000000000
1323602081,99.397080000000,0.010000000000
1323776748,103.584070000000,0.134873630000
1324136841,99.494510000000,0.250000000000
1324137088,104.419860000000,0.220000000000
1324354425,120.000000000000,1.000000000000
1324823245,130.944830000000,0.219941170000
1324823598,135.071230000000,0.212582350000
1324823605,130.988090000000,0.211944600000
1324823690,135.071230000000,0.204800000000
1324826246,130.735550000000,0.007655400000
1325150183,136.273960000000,8.900000000000
1325155688,137.247350000000,1.000000000000
1325354907,147.501760000000,1.000000000000
1325357447,147.555350000000,1.400000000000
1326061981,221.478530000000,3.000000000000
1326117156,207.869650000000,1.000000000000
1326117699,204.953410000000,0.700000000000
1326128276,196.946530000000,0.010000000000
1326399964,210.104840000000,1.000000000000
1326464160,208.000000000000,0.031808000000
1326465830,208.000000000000,0.973664900000
1326475722,207.999990000000,0.967822970000
1326476144,205.592970000000,0.042193030000
1326476183,204.467220000000,0.232560000000
1326476183,204.467220000000,5.767440000000
1326476381,204.467220000000,1.000000000000
1326476396,204.467220000000,2.000000000000
1326476418,204.467220000000,2.000000000000
1326478490,213.921800000000,0.001713000000
1326533775,198.666660000000,0.020594540000
1326533941,198.666660000000,0.101000000000
1326533977,198.666660000000,0.858405460000
1326576103,210.229270000000,5.556089560000
1326576103,210.229270000000,6.000000000000
1326576103,210.229270000000,6.000000000000
1326576113,210.229270000000,1.443910440000
1326776656,218.172660000000,0.499340230000
1326776920,218.172660000000,6.790000000000
1326776936,218.172660000000,3.912759770000
1326839534,175.000000000000,0.010000000000
1327045711,199.522050000000,0.020000000000
1327322486,198.712430000000,0.001849000000
1327521369,183.120000000000,1.460451340000
1327521369,183.120320000000,10.000000000000
1327521435,183.120320000000,2.162964020000
1327521466,183.120320000000,8.376584640000
1327646205,155.809320000000,5.400000000000
1327764964,163.450010000000,0.010000000000
1328209175,187.985350000000,0.150773090000
1328209175,189.042990000000,1.000000000000
1328209239,190.261860000000,3.253900000000
1328395586,177.344020000000,0.026000000000
1328423710,177.000000000000,0.025500000000
1328439953,171.000000000000,0.010000000000
1328439953,171.000000000000,0.010000000000
1328487034,170.000000000000,0.017600000000
1328516562,171.000000000000,0.020000000000
1328701996,169.000000000000,0.022500000000
1328826101,171.000000000000,0.050000000000
1328826101,171.000000000000,0.050000000000
1328826101,171.000000000000,0.050000000000
1328827731,173.000000000000,0.100000000000
1328827731,173.000000000000,0.050000000000
1328843326,174.000000000000,0.500000000000
1328992587,173.000000000000,0.644500000000
1329220572,135.000000000000,1.000000000000
1330183676,142.365800000000,0.022091170000
1330183676,142.311130000000,0.887908830000
1330666433,137.819360000000,6.673875760000
1330666881,139.761000000000,28.960000000000
1330666881,139.761600000000,11.317540000000
1330666881,139.809080000000,0.014460000000
1330666881,139.859580000000,0.027810000000
1330666881,139.870090000000,0.267070000000
1330666881,139.870090000000,0.048740000000
1330666881,139.885120000000,0.228820000000
1330666881,139.904660000000,0.040000000000
1330666882,139.911270000000,0.379000000000
1330666882,139.911870000000,0.040000000000
1330666882,139.911870000000,0.040000000000
1330666882,139.911870000000,0.040000000000
1330666882,139.911870000000,0.040000000000
1330666882,139.911870000000,0.040000000000
1330666882,139.911870000000,0.040000000000
1330666882,139.932610000000,0.056760000000
1330666882,139.959360000000,0.040000000000
1330666882,139.969280000000,0.011670000000
1330666882,140.054630000000,0.500943700000
1330666882,140.054930000000,0.024075690000
1330666882,140.054930000000,0.047564300000
1330666882,140.088890000000,24.844826740000
1330666882,140.094900000000,0.021200000000
1330666882,140.096710000000,3.410000000000
1330666882,140.097610000000,0.060000000000
1330666882,140.097610000000,0.270000000000
1330666882,140.118350000000,0.037950000000
1330666883,140.118350000000,0.016590000000
1330666883,140.158320000000,0.035810000000
1330666883,140.168840000000,0.020140000000
1330666883,140.171240000000,3.809940000000
1330666883,140.171240000000,5.119270000000
1330666883,140.216930000000,0.227740000000
1330666883,140.219930000000,0.994000000000
1330666883,140.219930000000,1.988000000000
1330666883,140.239170000000,0.010610000000
1330666883,140.239170000000,0.026580000000
1330666883,140.311900000000,0.809020000000
1330666883,140.311900000000,1.924600000000
1330666883,140.328130000000,7.407407410000
1330666883,140.330230000000,0.300000000000
1330666883,140.330530000000,0.400000000000
1330666883,140.333540000000,0.021580000000
1330666883,140.341350000000,18.106995890000
1330666883,140.342550000000,0.994000000000
1330666883,140.342550000000,1.988000000000
1330666883,140.346460000000,13.130000000000
1330666883,140.355180000000,0.500683300000
1330666883,140.355480000000,100.000000000000
1330666883,140.355480000000,2.000000000000
1330666884,140.355480000000,0.047572800000
1330666884,140.355480000000,0.024099750000
1330666884,140.355480000000,0.200000000000
1330666884,140.355480000000,7.323904560000
1331188919,143.162880000000,0.095000000000
1331190371,147.225360000000,0.010000000000
1331190559,147.225360000000,0.081800000000
1331844425,160.670590000000,0.385400000000
1331844466,160.670590000000,2.539800000000
1331935813,161.027460000000,4.750782190000
1332239287,137.144190000000,0.021641370000
1332239800,137.144180000000,0.128358630000
1332668592,140.025910000000,12.079100000000
1332683145,130.000000000000,0.150000000000
1332726732,133.691950000000,0.010000000000
1332728498,137.204200000000,0.009685560000
1332730229,132.116230000000,0.010000000000
1332857198,138.216540000000,0.000025970000
1332913813,137.387120000000,0.010000000000
1332915893,137.760940000000,0.010000000000
1332950118,138.426360000000,0.020000000000
1333155754,142.781420000000,0.010000000000
1333296477,139.085130000000,0.010000000000
1334212668,143.526140000000,2.236400000000
1335165872,155.720040000000,0.179800000000
1335360121,148.462280000000,1.000000000000
1335713962,144.208480000000,0.078672510000
1335713966,144.208480000000,0.078672510000
1335774359,143.020740000000,26.020700000000
1335774758,143.020740000000,0.080000000000
1335775118,143.020740000000,13.898300000000
1335777190,143.020740000000,0.001000000000
1336488237,153.978310000000,0.053379980000
1336600308,150.735770000000,0.028942770000
1336600309,150.735770000000,0.028942770000
1336623671,152.422740000000,0.013494280000
1336623671,152.422740000000,0.023996600000
1336646288,153.827410000000,0.018388400000
1336646291,153.827410000000,0.011515130000
1336667141,151.459490000000,0.017846140000
1336667141,151.077340000000,0.017846140000
1336667141,150.705810000000,0.031735430000
1336667141,150.664520000000,0.018185420000
1336667141,150.526510000000,0.013002820000
1336667141,150.461830000000,0.020319940000
1336667141,150.402860000000,0.018185420000
1336667141,150.378010000000,0.012878690000
1336673757,152.169030000000,0.018242980000
1336674313,152.422740000000,0.018834630000
1336694433,149.757720000000,0.026840650000
1336703704,150.489300000000,0.029564400000
1336703704,150.439770000000,0.028955800000
1336712320,150.028210000000,0.028645940000
1336712320,150.018070000000,0.028916020000
1336712324,149.271710000000,0.051420770000
1336713045,150.043820000000,0.027993890000
1336713046,149.297340000000,0.049780950000
1336936663,153.077710000000,0.023602840000
1336980212,152.998310000000,0.140000000000
1337406801,164.103720000000,0.238855300000
1337406816,164.103720000000,1.705044700000
1337749292,162.833780000000,1.000000000000
1337851577,165.747930000000,1.020000000000
1337853715,162.000000000000,38.987266110000
1338222944,161.014480000000,1.000000000000
1338738586,174.977390000000,0.009160000000
1338744723,176.205040000000,0.018784960000
1338744723,175.989470000000,1.981215040000
1339555078,187.282680000000,0.528000000000
1339620175,193.176200000000,1.000000000000
1339941679,206.014250000000,27.573390000000
1339941824,204.489900000000,1.210510000000
1339941824,204.489900000000,1.135500000000
1341722207,218.939620000000,0.100000000000
1341826154,220.168750000000,0.010000000000
1341967472,232.298260000000,0.030000000000
1342033896,231.810290000000,0.650000000000
1342171505,256.541940000000,0.550000000000
1342302233,245.329990000000,5.000000000000
1342715936,293.628340000000,0.012000000000
1342715936,298.676180000000,3.671121210000
1342887246,280.909300000000,0.020436940000
1342887247,280.591530000000,0.020439130000
1342887247,280.534560000000,2.959123930000
1342887271,292.068340000000,0.378169140000
1342887271,292.073850000000,2.486054810000
1342887296,280.534560000000,2.847038610000
1342888688,280.534560000000,0.178721200000
1343345965,287.094510000000,3.060000000000
1343493285,291.832810000000,0.074572140000
1343751073,304.000000000000,2.110000000000
1343752297,304.000000000000,0.350000000000
1343981262,341.083460000000,0.260546260000
1343981262,341.240180000000,2.292153740000
1344355439,342.073180000000,0.456800000000
1344355439,342.057280000000,0.543200000000
1344355498,343.000000000000,1.000000000000
1344357347,345.000000000000,1.000000000000
1344376945,347.000000000000,1.000000000000
1344376947,348.000000000000,1.000000000000
1344423366,349.000000000000,1.000000000000
1344442776,349.500000000000,0.050000000000
1344442809,349.500000000000,0.050000000000
1344442839,349.500000000000,0.050000000000
1344443395,349.500000000000,0.850000000000
1344443726,349.750000000000,1.000000000000
1344461870,350.000000000000,1.000000000000
1344475613,351.000000000000,1.000000000000
1344502498,352.000000000000,1.000000000000
1344502498,353.000000000000,1.000000000000
1344502498,354.000000000000,1.000000000000
1344502500,355.000000000000,1.000000000000
1344519305,370.000000000000,1.000000000000
1344526108,370.000000000000,1.000000000000
1344904264,380.000000000000,1.000000000000
1344938984,380.864270000000,1.000000000000
1344939020,390.000000000000,0.970715580000
1344939429,380.864270000000,1.000000000000
1345010947,390.000000000000,0.029284420000
1345056451,400.000000000000,1.000000000000
1345233534,376.790000000000,1.000000000000
1345239981,390.000000000000,1.525503550000
1345247242,389.000000000000,1.500000000000
1345247244,388.000000000000,0.020300770000
1345370007,322.648580000000,3.800000000000
1345376758,290.000000000000,2.000000000000
1345376865,288.000000000000,2.000000000000
1345390673,291.751960000000,0.358500000000
1345400608,270.000000000000,2.000000000000
1345401285,250.000000000000,2.000000000000
1345405508,259.233100000000,0.013500000000
1345406167,248.976320000000,0.000001000000
1345406230,248.976320000000,0.000001000000
1345406254,248.976320000000,0.000001000000
1345406279,248.976320000000,0.000001000000
1345408023,253.488570000000,0.000001000000
1345433004,303.219790000000,1.000000000000
1345437833,332.216690000000,0.898800000000
1345694922,310.582140000000,0.225524580000
1346136199,360.424580000000,0.038377410000
1346136202,349.436440000000,0.010162570000
1346136202,349.436440000000,0.010164180000
1346136202,349.436440000000,0.010358260000
1346136202,349.436440000000,0.010359470000
1346288626,359.876960000000,0.138486740000
1346366450,342.331830000000,0.100000000000
1346381436,343.872410000000,0.385000000000
1346381436,343.842750000000,7.555000000000
1346386136,350.000000000000,1.000000000000
1346386880,357.958830000000,6.590000000000
1346390156,356.301280000000,0.013453300000
1346414474,344.369650000000,1.000000000000
1346414516,344.369650000000,0.109063410000
1346490083,317.955180000000,0.328220000000
1346490083,317.934310000000,4.671780000000
1346585947,326.488920000000,0.000949490000
1346664618,329.033040000000,0.200000000000
1346687791,335.000000000000,0.400000000000
1346777680,329.280720000000,5.000000000000
1346782368,341.542840000000,4.700000000000
1346856911,342.000000000000,0.040967020000
1346858080,342.000000000000,0.032775430000
1346858083,342.000000000000,0.026220480000
1346858094,342.000000000000,0.020976500000
1346858104,342.000000000000,0.020973940000
1346858106,342.000000000000,0.016780860000
1346858114,342.000000000000,0.016781150000
1346858116,342.000000000000,0.016780630000
1346858117,342.000000000000,0.012591690000
1346883897,342.000000000000,4.495152300000
1346924472,350.640950000000,0.080993040000
1346924473,347.487340000000,0.069006960000
1346941362,359.461830000000,0.010000000000
1346942048,360.000000000000,0.490000000000
1346947474,345.703220000000,3.701833090000
1346947482,345.000000000000,0.100000000000
1346947484,345.000000000000,2.202800000000
1346947500,345.000000000000,0.100000000000
1346947518,345.000000000000,0.100000000000
1346947535,345.000000000000,0.100000000000
1346947543,345.000000000000,0.193966910000
1347570509,352.322300000000,0.050000000000
1347575613,366.573790000000,0.007589990000
1347575614,366.573790000000,0.002410010000
1347575615,366.573790000000,0.037767780000
1347613981,359.049860000000,0.146481170000
1347618375,369.803310000000,0.010927300000
1347618398,369.803310000000,0.130441040000
1347688178,365.000000000000,15.086286350000
1347812174,361.597570000000,0.010000000000
1347882427,368.473450000000,0.072311740000
1347882427,372.962450000000,2.927688260000
1347990649,370.631790000000,0.040572150000
1347990652,370.631790000000,0.040572150000
1347990663,370.631790000000,0.040369380000
1347990664,370.631790000000,0.006641920000
1348023729,374.692350000000,0.021177070000
1348024158,378.651630000000,0.017509580000
1348024158,387.761480000000,0.011590420000
1348024218,374.692350000000,0.014840210000
1348024396,374.692350000000,1.282764400000
1348025494,386.168530000000,0.055223460000
1348025494,387.761480000000,0.257966090000
1348025494,387.941660000000,0.686810450000
1348040411,388.301240000000,14.095880000000
1348045629,388.301240000000,0.031117090000
1348045629,388.312400000000,0.209358310000
1348061100,388.312400000000,0.089360250000
1348061101,388.312400000000,0.089363010000
1348061102,388.312400000000,0.000784540000
1348073648,377.219740000000,0.137655820000
1348079215,387.124000000000,0.100000000000
1348079231,387.124000000000,0.100000000000
1348079246,387.124000000000,0.100000000000
1348079262,387.124000000000,0.088000000000
1348079262,380.857530000000,0.012000000000
1348079620,396.228600000000,0.388548650000
1348447225,381.286290000000,0.242848430000
1348630126,383.875800000000,0.022749210000
1348630127,384.667390000000,7.792250790000
1348632042,366.082080000000,1.000000000000
1349117361,376.357850000000,0.010000000000
1349175223,388.081120000000,0.136187880000
1349271385,395.000000000000,0.150000000000
1349271542,395.000000000000,0.150000000000
1349300547,399.131410000000,0.445794330000
1349354791,400.000000000000,0.520000000000
1349368377,395.467460000000,0.790000000000
1349449998,399.000000000000,0.664000000000
1349524293,398.623950000000,0.676375080000
1349633195,378.000000000000,1.481500000000
1349698339,346.000000000000,4.611358380000
1349711703,345.975600000000,0.391648840000
1349711708,345.975600000000,0.391686550000
1349716057,345.975600000000,0.216664610000
1349716151,350.000000000000,0.166386650000
1349725864,352.394420000000,0.570070790000
1349725872,352.394420000000,0.429929210000
1349782744,376.632590000000,0.137129130000
1349852314,373.384410000000,0.230039470000
1349855610,373.384410000000,0.160610390000
1350154581,367.618240000000,0.729830140000
1350159852,364.802830000000,4.270169860000
1350273801,367.706180000000,0.923038150000
1350353193,362.574540000000,0.835516150000
1350475010,361.773190000000,0.246100000000
1350785972,369.283870000000,0.010000000000
1350785972,369.623110000000,0.035188000000
1350786079,369.623110000000,0.094412000000
1350989860,367.000000000000,0.432123700000
1350989861,367.000000000000,0.432123700000
1350989863,367.000000000000,0.000151380000
1351139433,363.000000000000,0.325420120000
1351166256,359.392180000000,1.000000000000
1351170453,359.352930000000,0.450000000000
1351272479,325.000000000000,11.000000000000
1351274799,314.433680000000,0.050300000000
1351350470,334.249290000000,0.047755470000
1351529531,331.000000000000,5.450000000000
1351693386,338.871250000000,0.023448930000
1351693388,338.871250000000,0.001486240000
1351801092,338.871250000000,0.008513760000
1352098139,328.500230000000,0.020000000000
1352098140,328.500230000000,0.030000000000
1352098201,327.512830000000,0.095724270000
1352098201,327.512220000000,2.377584620000
1352186252,341.392460000000,0.010000000000
1352778201,350.238470000000,0.040000000000
1353034126,356.719320000000,0.036365220000
1353034127,356.719320000000,0.036183400000
1353039011,356.719320000000,0.036002470000
1353039012,356.719320000000,0.035822470000
1353039013,356.719320000000,0.035643370000
1353039015,356.719320000000,0.035465160000
1353039016,356.719320000000,0.035287820000
1353039017,356.719320000000,0.035111380000
1353039018,356.719320000000,0.034935840000
1353039019,356.719320000000,0.034761160000
1353039033,356.719320000000,0.034587360000
1353039034,356.719320000000,0.034414420000
1353039034,356.719320000000,0.034242350000
1353039034,356.719320000000,0.034071150000
1353039035,356.719320000000,0.033900790000
1353039035,356.719320000000,0.033731280000
1353039036,356.719320000000,0.033562630000
1353039037,356.719320000000,0.033394820000
1353039037,356.719320000000,0.033227860000
1353039038,356.719320000000,0.033061700000
1353039039,356.719320000000,0.032896390000
1353039040,356.719320000000,0.032731920000
1353039040,356.719320000000,0.006583810000
1353039046,356.719320000000,0.032535350000
1353039047,356.719320000000,0.032372670000
1353039047,356.719320000000,0.032210810000
1353039048,356.719320000000,0.032049760000
1353039048,356.719320000000,0.031889520000
1353039048,356.719320000000,0.031730070000
1353039050,356.719320000000,0.031571430000
1353039054,356.719320000000,0.009655620000
1353265352,367.898390000000,0.000020340000
1353309486,367.962190000000,0.283890110000
1353309486,367.898390000000,0.015158090000
1353309547,363.573610000000,0.790100000000
1353309627,362.697800000000,2.290000000000
1353312247,363.573600000000,0.002851800000
1353516528,365.245480000000,0.376742800000
1353578587,375.000000000000,0.010000000000
1353578588,375.000000000000,0.010488010000
1353755671,380.000000000000,2.761307600000
1353770479,385.000000000000,0.650368990000
1353770535,385.000000000000,0.234431010000
1353770535,376.505520000000,0.807868990000
1353774898,380.000000000000,6.957700000000
1353894008,385.000000000000,0.141259540000
1353894041,390.000000000000,5.417300000000
1353911756,388.675790000000,0.012233680000
1353911756,388.050740000000,0.987766320000
1353924899,395.556270000000,0.975158450000
1353950702,387.273600000000,0.075647610000
1354107500,384.015210000000,0.063036450000
1354107500,385.000000000000,0.089845580000
1354107500,389.426540000000,1.847117970000
1354107648,389.732960000000,0.278755330000
1354165278,385.000000000000,0.080399830000
1354221123,390.000000000000,0.058503160000
1354252822,387.087480000000,0.090000000000
1354517731,394.455510000000,0.048878200000
1354517731,394.455510000000,0.038910750000
1354591751,384.267460000000,0.010000000000
1354592115,393.592610000000,0.009704470000
1354610821,393.592610000000,0.005126670000
1354652176,400.000000000000,0.064652220000
1354652692,400.000000000000,0.032377160000
1354652694,400.000000000000,0.032377160000
1354652699,400.000000000000,0.000114250000
1354656274,400.000000000000,0.118088730000
1354736360,410.000000000000,0.041691190000
1354745473,410.000000000000,0.014747420000
1354790361,410.000000000000,0.017605350000
1354872111,413.092290000000,0.185246920000
1355156747,410.985680000000,2.280451760000
1355179718,417.639140000000,0.090950500000
1355179722,417.639140000000,0.090723640000
1355180303,417.639140000000,0.090507850000
1355180311,417.639140000000,0.009558450000
1355277240,420.000000000000,9.367520100000
1355278182,420.000000000000,0.632479900000
1355278182,420.000000000000,0.188031950000
1355278182,420.000000000000,0.013015940000
1355310056,428.241030000000,0.010000000000
1355310058,429.954360000000,0.362284910000
1355341420,420.000000000000,0.053393870000
1355499239,425.000000000000,0.039231800000
1355514425,412.000000000000,10.147281550000
1355631150,413.620140000000,5.000000000000
1356446472,415.843590000000,2.500000000000
1356446676,415.843590000000,1.107100000000
1356448351,415.840450000000,0.961900000000
1357171449,411.000000000000,2.000000000000
1357328985,402.989680000000,3.405000000000
1357466844,414.600000000000,1.000000000000
1357480757,414.600000000000,0.800000000000
1357611786,415.416430000000,0.209789030000
1357671011,420.000000000000,0.022539220000
1357717728,425.000000000000,1.000000000000
1357717728,425.920800000000,2.204510270000
1357836048,431.892770000000,6.946200000000
1357936506,434.770090000000,0.021730160000
1357942844,434.770090000000,0.021730160000
1358012505,438.897440000000,0.042452050000
1358012527,438.897440000000,0.413235470000
1358341255,437.869150000000,0.752700000000
1358355907,441.810770000000,0.039157600000
1358457849,461.569640000000,0.011000000000
1358482764,474.088260000000,0.099800000000
1358482764,465.389370000000,1.880200000000
1358582748,468.974290000000,0.163123950000
1358586190,468.974290000000,3.136876050000
1358745488,486.430240000000,0.022492960000
1358761833,490.507010000000,0.089088620000
1358761844,490.507010000000,0.090230350000
1358761995,490.507010000000,0.066607310000
1358783784,508.789400000000,0.093218120000
1358795938,510.000000000000,7.798000000000
1358847705,503.938360000000,0.047557890000
1358847705,503.938360000000,0.047557890000
1358858657,522.735050000000,0.416020100000
1358867909,520.000000000000,0.030000000000
1358869770,520.000000000000,0.030000000000
1358869774,520.000000000000,0.193016910000
1358869784,520.000000000000,0.081551530000
1358869796,520.000000000000,0.040791510000
1358870144,520.000000000000,0.654640050000
1359036108,560.099590000000,0.014000000000
1359036108,559.707090000000,0.014000000000
1359036108,559.314590000000,0.014000000000
1359036108,558.922080000000,0.014000000000
1359036108,558.529580000000,0.014100000000
1359036115,558.529570000000,0.014000000000
1359036299,558.529570000000,34.965000000000
1359037516,558.529570000000,0.053033500000
1359038006,558.529570000000,0.018983970000
1359038009,558.529570000000,0.018985080000
1359038119,558.529570000000,0.053033500000
1359038263,558.529570000000,9.806863950000
1359058220,510.938360000000,0.014962470000
1359109863,506.241790000000,0.040202420000
1359235766,513.176930000000,0.020000000000
1359367857,546.523020000000,0.114633440000
1359389070,537.614740000000,1.420000000000
1359470151,580.537010000000,0.029793080000
1359493938,580.537010000000,0.029793080000
1359601068,600.000000000000,0.054222210000
1359604576,600.000000000000,0.027193340000
1359604585,600.000000000000,0.013600890000
1359623830,600.000000000000,59.904983560000
1359623830,600.000000000000,0.022553960000
1359633665,624.753480000000,0.017305520000
1359646033,620.000000000000,0.017392090000
1359647085,620.000000000000,0.082607910000
1359648225,624.753480000000,0.017259840000
1359648226,624.753480000000,0.017168370000
1359648227,624.753480000000,0.017077370000
1359648227,624.753480000000,0.004191850000
1359667897,624.753480000000,0.016964640000
1359690839,628.754760000000,0.019304620000
1359698394,624.753480000000,0.019325280000
1359729835,634.000000000000,1.000000000000
1359731722,634.043570000000,0.098442560000
1359731722,634.043570000000,0.098442560000
1359731743,635.000000000000,0.098442560000
1359731838,641.567260000000,7.100000000000
1359764265,615.000000000000,1.025200000000
1359912956,600.000000000000,0.042226450000
1359947297,612.998190000000,0.691263770000
1359992370,609.919520000000,2.000000000000
1360030707,631.114900000000,0.133266380000
1360030754,631.114910000000,0.100000000000
1360030799,631.114910000000,3.519818630000
1360032482,631.114910000000,19.946914990000
1360126907,629.922970000000,0.050191210000
1360229908,639.037510000000,0.540260390000
1360229908,633.671430000000,1.984400000000
1360229908,631.672680000000,5.000000000000
1360229908,631.213830000000,5.000000000000
1360229908,630.754980000000,5.000000000000
1360229908,630.296130000000,2.415339610000
1360276575,651.335750000000,0.011331640000
1360276594,654.736070000000,0.011205150000
1360276844,654.736070000000,0.013009790000
1360334077,680.679060000000,5.523000000000
1360430690,695.948260000000,0.429550000000
1360578008,719.058070000000,0.250536860000
1360603793,736.470090000000,2.023302040000
1360603793,736.470090000000,1.017066880000
1360603821,738.875760000000,0.848908990000
1360603833,739.455780000000,2.000000000000
1360603852,739.455780000000,3.000000000000
1360603862,739.455780000000,0.190000000000
1360603866,739.455780000000,0.127000000000
1360603890,739.794280000000,2.700825340000
1360605073,740.443860000000,0.734816000000
1360660928,744.264340000000,0.029191970000
1360666971,766.599880000000,0.015724120000
1360690069,758.837690000000,0.000541500000
1360804145,702.186350000000,1.000000000000
1360829812,782.200230000000,0.027608000000
1360930311,807.836540000000,0.538040030000
1361129314,765.829890000000,0.022000000000
1361135900,824.352430000000,0.020000000000
1361135900,814.945730000000,0.000319180000
1361438169,890.301580000000,1.000000000000
1361476103,883.457770000000,1.240000000000
1361500107,901.087500000000,0.067646360000
1361507078,936.017190000000,0.022671680000
1361507079,936.036870000000,0.120000000000
1361507079,936.048580000000,0.041680270000
1361507079,936.210470000000,0.815648050000
1361507103,936.210470000000,0.150000000000
1361507140,936.210470000000,0.010000000000
1361628750,879.123160000000,0.247486380000
1361638593,879.537330000000,0.100000000000
1361638814,880.769180000000,0.100000000000
1361638825,880.769180000000,0.800000000000
1361664251,902.000000000000,0.369480230000
1361664617,884.982000000000,0.010500000000
1361664618,881.664680000000,0.128262400000
1361664669,902.000000000000,0.030519770000
1361724672,940.000000000000,0.381526800000
1361866587,915.002780000000,0.012300000000
1362081996,1019.821590000000,0.134953230000
1362082125,1011.080770000000,0.041094620000
1362130619,1040.981490000000,0.199435050000
1362303867,1040.890110000000,0.482400000000
1362309495,1072.320050000000,0.465451180000
1362395560,1072.500000000000,6.338000000000
1362395560,1071.330000000000,0.010000000000
1362395560,1071.330000000000,0.178978750000
1362395560,1070.940000000000,0.010000000000
1362395560,1070.550000000000,0.010000000000
1362395560,1070.160000000000,0.010000000000
1362395560,1069.770000000000,0.010000000000
1362395560,1069.380000000000,0.010000000000
1362395560,1068.990000000000,0.010000000000
1362395560,1068.600000000000,0.010000000000
1362395560,1068.210000000000,0.010000000000
1362395560,1067.820000000000,0.010000000000
1362395560,1067.430000000000,0.010000000000
1362395560,1067.040000000000,0.010000000000
1362395560,1066.650000000000,0.010000000000
1362395560,1066.260000000000,0.010000000000
1362395561,1065.870000000000,0.010000000000
1362395561,1065.768470000000,10.000000000000
1362395561,1065.480000000000,0.010000000000
1362395561,1065.317450000000,10.000000000000
1362395561,1065.090000000000,0.010000000000
1362395561,1064.866430000000,10.000000000000
1362395561,1064.700000000000,0.010000000000
1362395561,1064.415400000000,9.000000000000
1362395561,1064.310000000000,0.010000000000
1362395561,1063.920390000000,1.000000000000
1362395561,1063.920000000000,0.010000000000
1362395561,1063.530000000000,0.010000000000
1362395561,1063.140000000000,0.010000000000
1362395561,1062.750390000000,1.000000000000
1362395561,1062.750000000000,0.010000000000
1362395561,1062.360000000000,0.010000000000
1362395561,1061.970000000000,0.010000000000
1362395604,1061.970000000000,0.091596680000
1362395609,1061.970000000000,0.046512680000
1362395618,1061.970000000000,0.023621770000
1362395629,1061.970000000000,0.011992890000
1362395630,1061.970000000000,0.011992890000
1362395632,1061.970000000000,0.000379080000
1362396375,1073.435870000000,6.073047820000
1362404173,1073.435870000000,24.860000000000
1362418979,1112.611880000000,0.011550760000
1362418979,1137.377710000000,6.000000000000
1362419032,1138.381910000000,0.015844670000
1362419078,1140.425680000000,0.011550760000
1362419124,1140.904730000000,0.397195140000
1362456419,1141.388180000000,0.015261200000
1362503718,1216.626210000000,0.010000000000
1362521348,1237.942280000000,0.198878490000
1362521348,1266.965050000000,13.331203200000
1362521348,1267.122650000000,7.328663250000
1362537792,1296.571700000000,0.082459720000
1362552211,1374.530130000000,0.026678450000
1362553318,1374.530130000000,0.026678450000
1362578347,1463.620190000000,0.800000000000
1362636024,1282.832910000000,0.397470530000
1362645339,1323.196820000000,0.040119570000
1362650502,1333.251380000000,2.843280000000
1362650502,1326.663410000000,8.708720000000
1362652642,1388.760320000000,0.553000000000
1362652642,1388.760950000000,10.409600000000
1362652787,1373.643960000000,0.020100000000
1362676862,1334.198190000000,3.068250000000
1362676862,1327.605710000000,6.931750000000
1362751090,1334.239530000000,0.298985650000
1362815504,1333.766350000000,1.000000000000
1362824116,1378.222890000000,0.035265310000
1362865301,1386.768670000000,0.156001860000
1362865301,1384.498460000000,0.843998140000
1362897786,1409.317760000000,0.010000000000
1362911427,1418.141170000000,5.000000000000
1362913331,1428.709710000000,0.877790250000
1362913331,1425.310000000000,2.682209750000
1363002700,1454.051120000000,1.040000000000
1363051106,1427.220850000000,0.154187400000
1363051106,1427.220850000000,0.154187400000
1363051106,1427.220850000000,0.005032500000
1363054608,1325.276720000000,0.010000000000
1363087456,1360.000000000000,1.000000000000
1363098889,1317.872710000000,0.110000000000
1363099214,1372.197520000000,0.105011260000
1363100123,1312.049160000000,0.104381190000
1363120337,1395.017830000000,0.435750660000
1363120348,1400.000000000000,0.150000000000
1363120348,1410.378070000000,0.004314800000
1363120348,1410.378070000000,0.005685200000
1363120445,1427.220850000000,0.142312680000
1363120883,1427.220850000000,0.012082980000
1363120884,1427.220850000000,0.112372270000
1363120884,1427.220850000000,0.141601110000
1363138561,1378.331950000000,0.629675980000
1363138562,1414.846300000000,0.154384110000
1363138562,1414.846300000000,0.154367020000
1363197487,1425.779020000000,0.148794280000
1363197487,1417.858220000000,0.007705720000
1363197542,1417.858220000000,0.141100000000
1363272230,1434.004290000000,0.185000850000
1363576740,1460.000000000000,0.010159200000
1363582896,1477.874850000000,0.017500000000
1363602856,1455.000000000000,0.984371130000
1363602859,1455.000000000000,0.081777570000
1363602861,1455.000000000000,0.081777570000
1363602986,1449.638580000000,0.852073730000
1363611467,1455.638580000000,0.049000000000
1363636093,1459.370770000000,0.114000000000
1363638537,1477.000000000000,0.111963480000
1363643906,1477.000000000000,0.228036520000
1363643906,1477.874850000000,0.015012680000
1363648778,1500.000000000000,0.100000000000
1363660848,1564.243380000000,0.010000000000
1363672955,1593.387270000000,0.015547130000
1363672955,1593.387270000000,0.015475610000
1363672955,1593.387270000000,0.015404420000
1363672956,1593.387270000000,0.015333560000
1363672956,1593.387270000000,0.015263030000
1363672956,1593.387270000000,0.015192820000
1363672956,1593.387270000000,0.015122930000
1363672956,1593.387270000000,0.005207700000
1363687123,1624.267010000000,0.139847360000
1363692224,1666.602120000000,0.133613830000
1363697478,1662.358040000000,0.111291700000
1363698314,1663.946610000000,0.010000000000
1363703931,1703.887130000000,0.079606670000
1363709674,1777.182320000000,0.117812550000
1363719727,1725.551940000000,0.500000000000
1363720430,1717.447610000000,3.000000000000
1363745935,1799.884390000000,0.010000000000
1363759605,1795.684360000000,0.010000000000
1363759612,1803.780240000000,0.058438430000
1363759646,1803.780240000000,0.031561570000
1363761226,1803.780240000000,0.013755770000
1363762532,1803.780240000000,0.036244230000
1363764188,1799.000000000000,0.489000000000
1363764656,1792.482270000000,0.360000000000
1363771039,1830.882300000000,0.100075680000
1363775536,1841.448450000000,0.289900000000
1363795925,1953.013350000000,0.452818480000
1363803893,2019.349340000000,0.008190570000
1363803923,1928.892520000000,0.018141430000
1363805674,1942.788590000000,0.101181290000
1363805736,1942.788590000000,0.898818710000
1363805873,1942.788200000000,17.589298200000
1363805960,1942.788590000000,0.095000000000
1363814689,2000.000000000000,0.157856800000
1363815189,2000.000000000000,0.842143200000
1363833717,1966.554680000000,0.010000000000
1363839704,2000.000000000000,0.051539240000
1363839709,2000.000000000000,0.051539240000
1363839722,2000.000000000000,9.896921520000
1363844446,1997.988360000000,0.040000000000
1363858659,2057.583740000000,0.021584100000
1363874941,2100.785370000000,0.489000000000
1363885642,2233.150210000000,0.151560620000
1363896696,2202.121950000000,13.020000000000
1363919349,2186.873970000000,0.550000000000
1363932251,2218.331860000000,0.085457920000
1363943295,2267.172370000000,0.299542370000
1363947020,2232.604050000000,0.459271520000
1363956802,2230.534590000000,0.107700000000
1363956802,2221.663570000000,9.089423450000
1363985497,2207.928910000000,0.196646140000
1363985577,2200.000000000000,2.405861620000
1363985594,2200.000000000000,1.088947110000
1363985605,2200.000000000000,11.944849130000
1363986373,2141.019960000000,0.101431230000
1364023409,2003.283210000000,0.100000000000
1364027540,1943.000000000000,0.100000000000
1364033514,1911.467860000000,0.525000000000
1364037667,2025.685160000000,0.010000000000
1364039778,2000.000000000000,8.750000000000
1364041688,2029.775610000000,0.010000000000
1364062668,1950.000000000000,5.143150220000
1364062757,1950.000000000000,3.756849780000
1364109764,2021.932160000000,0.020000000000
1364121773,2060.000000000000,0.036259480000
1364126576,2100.000000000000,1.365604440000
1364126630,2100.000000000000,0.360000000000
1364126683,2100.000000000000,0.350000000000
1364126687,2100.000000000000,0.041463530000
1364137767,2100.000000000000,5.723325570000
1364137770,2100.000000000000,0.468514450000
1364137782,2100.000000000000,0.561341470000
1364155394,2169.669070000000,0.010000000000
1364158859,2167.956490000000,0.020000000000
1364186164,2227.292100000000,0.048814160000
1364186165,2227.292100000000,0.048814160000
1364186192,2227.292100000000,0.048587440000
1364186256,2227.292100000000,0.048478090000
1364186267,2227.292100000000,0.805306150000
1364191737,2227.292100000000,0.448574060000
1364191747,2227.292100000000,0.224580470000
1364191749,2227.292100000000,0.224580470000
1364191749,2227.292100000000,0.000666420000
1364192123,2227.292100000000,0.091594580000
1364192524,2202.982560000000,0.160000000000
1364202946,2226.569100000000,0.019000000000
1364206403,2308.964490000000,0.150000000000
1364207411,2231.696520000000,6.368200000000
1364207416,2225.000000000000,1.000000000000
1364207423,2225.000000000000,0.280248000000
1364207543,2226.435490000000,0.953180360000
1364215548,2242.815630000000,0.094000000000
1364215736,2300.719370000000,0.080000000000
1364227507,2332.462380000000,0.014241700000
1364232519,2354.486520000000,1.000000000000
1364240438,2343.804830000000,0.999936450000
1364241241,2286.638860000000,0.004758300000
1364242301,2297.710280000000,0.094425940000
1364243873,2343.804830000000,0.000063550000
1364267517,2297.710280000000,0.010000000000
1364270117,2315.302690000000,0.010000000000
1364271232,2379.581910000000,0.123500000000
1364271232,2379.581910000000,0.123500000000
1364271232,2385.689440000000,0.123500000000
1364271232,2385.689440000000,0.123500000000
1364271233,2385.705770000000,0.123500000000
1364271233,2385.705770000000,0.123500000000
1364271233,2389.198010000000,7.025000000000
1364271233,2315.302690000000,0.438580740000
1364271233,2295.204610000000,7.280823260000
1364271292,2374.017360000000,0.123500000000
1364271292,2380.141230000000,0.123500000000
1364271292,2389.198010000000,1.752938540000
1364271292,2389.418940000000,0.011000000000
1364271292,2390.543820000000,1.386550000000
1364271292,2391.123300000000,0.011000000000
1364271292,2391.334270000000,1.388010000000
1364271292,2392.101730000000,0.250000000000
1364271292,2392.417360000000,2.000000000000
1364271292,2392.575170000000,0.011000000000
1364271292,2394.279530000000,0.011000000000
1364271292,2395.257960000000,0.286501460000
1364275909,2356.752030000000,0.017700000000
1364281119,2382.948690000000,0.720400000000
1364284953,2295.151870000000,0.005432000000
1364288976,2428.682370000000,1.648600000000
1364289641,2361.270730000000,0.122794000000
1364303941,2422.954780000000,0.039955700000
1364308789,2405.343410000000,20.006850000000
1364320747,2386.450760000000,0.010152360000
1364321224,2386.450760000000,0.038798500000
1364326467,2386.104880000000,0.031619000000
1364330656,2443.232240000000,0.064163250000
1364330762,2445.997090000000,0.024078500000
1364338307,2410.575610000000,0.028861280000
1364351880,2477.320080000000,0.076180880000
1364352043,2440.039620000000,5.140000000000
1364357394,2573.067500000000,0.022756400000
1364363736,2556.143520000000,0.025287520000
1364372318,2621.936780000000,0.110305180000
1364372844,2621.936780000000,0.010000000000
1364375719,2668.102520000000,0.033318260000
1364381397,2670.000000000000,1.000000000000
1364381404,2670.000000000000,1.000000000000
1364381405,2670.000000000000,1.000000000000
1364381421,2670.000000000000,0.000838630000
1364381423,2670.000000000000,1.000000000000
1364381438,2670.000000000000,1.000000000000
1364381450,2670.000000000000,1.000000000000
1364381461,2670.000000000000,1.000000000000
1364381465,2670.000000000000,0.327625170000
1364382848,2667.124290000000,0.230477520000
1364385194,2685.344860000000,0.114800830000
1364385664,2644.883650000000,0.229999000000
1364405301,2730.000000000000,7.124500000000
1364405894,2707.428860000000,0.057572140000
1364408403,2703.765110000000,0.059000000000
1364446121,2761.494890000000,0.037848730000
1364465030,2895.585370000000,0.020000000000
1364502265,2821.412510000000,0.046706650000
1364529391,2779.095930000000,0.000003600000
1364529482,2710.000000000000,0.012835020000
1364529946,2710.000000000000,1.626697680000
1364545024,2825.990090000000,0.191319160000
1364559345,2827.929690000000,0.019000000000
1364569829,2693.090790000000,0.061430000000
1364570070,2829.428200000000,0.058119140000
1364574935,2730.949930000000,0.010000000000
1364632856,2800.000000000000,1.000000000000
1364637746,2822.493170000000,1.000000000000
1364642884,2793.793200000000,0.057000000000
1364651591,2896.346860000000,0.054300000000
1364662174,2796.895780000000,0.010000000000
1364662174,2785.673940000000,0.029000000000
1364719043,2942.200900000000,0.347050000000
1364744665,2942.200900000000,0.010000000000
1364756165,2881.000000000000,0.000010240000
1364763965,2851.204830000000,0.399989760000
1364764849,2953.258910000000,0.000053440000
1364764924,2851.204830000000,0.072351760000
1364777060,2953.258910000000,0.376000000000
1364803635,2856.678440000000,0.068436900000
1364824780,3100.000000000000,2.000000000000
1364834435,3246.455400000000,0.270000000000
1364899042,3300.000000000000,0.019969780000
1364901079,3300.000000000000,0.980030220000
1364907284,3303.000670000000,0.010000000000
1364910250,3350.000000000000,1.000000000000
1364914600,3270.887710000000,0.657000000000
1364917583,3317.750770000000,0.120000000000
1364928481,3400.000000000000,1.000000000000
1364958207,3800.000000000000,1.470725840000
1364958291,3800.000000000000,1.529274160000
1364971992,4173.062620000000,1.461901400000
1364983531,3951.670090000000,2.000000000000
1364983973,3950.309550000000,0.011500000000
1364984003,4066.180000000000,1.480087290000
1364986983,4407.684340000000,1.792000000000
1364987168,4260.593020000000,1.482706850000
1365003399,4330.789520000000,1.449900000000
1365012954,4313.857760000000,0.000172780000
1365015384,3895.593990000000,0.238895000000
1365046653,3690.440400000000,1.441200600000
1365047646,3884.739760000000,1.000000000000
1365051423,4176.736630000000,0.015970690000
1365055363,4176.095940000000,0.192370790000
1365056091,4168.987100000000,0.058741030000
1365056151,4168.987100000000,0.058741030000
1365057412,4112.269150000000,0.278441980000
1365057412,4112.269150000000,0.639435730000
1365057413,4046.246480000000,0.359000000000
1365057413,4037.634760000000,3.723122290000
1365059054,4112.269150000000,0.019500000000
1365061603,4220.841620000000,0.100000000000
1365062504,4220.841620000000,1.151957870000
1365062512,4156.040160000000,0.308717170000
1365076127,4260.997010000000,0.251038000000
1365087794,4270.440350000000,0.275954220000
1365095095,4381.190810000000,0.100000000000
1365095095,4381.190810000000,0.597490890000
1365095464,4194.700730000000,0.138361610000
1365101637,4176.095940000000,0.105714950000
1365101820,4176.095940000000,0.190447650000
1365139478,4182.699980000000,0.010000000000
1365158857,4468.425590000000,1.874261930000
1365167178,4282.482050000000,0.100000000000
1365183511,4422.742900000000,0.023497110000
1365184747,4422.742900000000,0.010000000000
1365188021,4404.954770000000,3.125906940000
1365188021,4401.883400000000,0.201438590000
1365188021,4400.891980000000,1.253912810000
1365188021,4400.891670000000,0.418741660000
1365202684,4448.811300000000,0.101063300000
1365202684,4420.028660000000,0.398936700000
1365215756,4418.953650000000,0.250000000000
1365251366,4571.141970000000,0.009617300000
1365257897,4402.740370000000,2.580600000000
1365263213,4484.414630000000,0.443450760000
1365263213,4473.735710000000,0.556049240000
1365263620,4490.792470000000,0.189600000000
1365273837,4571.141970000000,0.185100000000
1365317150,4449.924180000000,0.035294120000
1365323013,4571.141970000000,0.201539480000
1365335567,4800.000000000000,1.000000000000
1365335981,4906.572200000000,3.510285090000
1365351274,4998.000000000000,0.100000000000
1365351274,5000.000000000000,1.454187320000
1365369599,5100.000000000000,1.100000000000
1365398356,5465.941200000000,0.023199500000
1365407135,5555.000000000000,0.034268980000
1365412051,5744.867150000000,0.010000000000
1365414027,5873.496600000000,0.039000000000
1365415657,5838.907560000000,0.110000000000
1365423838,5807.997930000000,1.350000000000
1365425344,5873.496570000000,0.050000000000
1365428006,5923.665140000000,0.037000000000
1365428241,5923.665140000000,1.454800000000
1365428431,5923.665140000000,3.000000000000
1365428445,5923.665140000000,2.545200000000
1365431165,6110.654990000000,0.035000000000
1365433613,5995.848990000000,0.034000000000
1365433687,5995.848990000000,0.163815100000
1365433687,5995.848990000000,0.197816370000
1365433687,5995.848990000000,0.001411280000
1365435447,5953.197470000000,0.033000000000
1365437817,5680.258540000000,0.025700000000
1365439450,5504.196430000000,0.802509120000
1365442157,5910.954440000000,0.196000000000
1365449725,5881.874490000000,0.010000000000
1365454978,5881.906610000000,0.373772670000
1365455103,5750.001000000000,0.072300000000
1365455103,5680.411110000000,0.730209120000
1365455108,5680.411110000000,0.202596110000
1365455470,5680.411110000000,0.488603930000
1365455477,5680.411110000000,0.617202110000
1365463036,5774.699250000000,0.268539110000
1365478463,5960.164980000000,0.263000000000
1365481391,5995.848990000000,0.265000000000
1365492252,6022.738650000000,0.003862250000
1365495075,5945.355550000000,0.050278820000
1365496328,6008.942240000000,0.033590000000
1365496427,6008.942240000000,0.013617520000
1365496428,6008.942240000000,0.000075310000
1365499442,6077.099700000000,0.081617360000
1365499443,6214.996630000000,0.129365020000
1365499663,6002.740120000000,0.021000000000
1365504193,6110.182160000000,0.020000000000
1365505356,6200.000000000000,0.228000000000
1365505356,6200.000000000000,0.030833850000
1365508185,6431.598250000000,0.086268700000
1365509880,6500.000000000000,0.012262780000
1365512357,6500.000000000000,0.197453710000
1365512357,6500.000000000000,0.109375360000
1365515804,6623.791110000000,0.031000000000
1365516054,6521.264760000000,0.349000000000
1365517156,6678.204880000000,0.010000000000
1365526512,6874.644210000000,1.000000000000
1365526542,6874.644210000000,0.500000000000
1365528367,7081.495410000000,0.161061810000
1365528402,7081.495410000000,0.445040570000
1365534777,7144.685430000000,0.012189200000
1365546927,7367.103450000000,0.012359200000
1365553166,7193.944890000000,0.010000000000
1365555178,7298.761440000000,0.014380550000
1365560991,7230.303230000000,0.934223020000
1365560991,7220.386250000000,0.010000000000
1365560991,7201.196610000000,6.055776980000
1365567003,7294.291970000000,0.023500000000
1365567182,7456.736380000000,0.010000000000
1365568531,7294.291970000000,0.441741510000
1365568926,7294.291970000000,0.013100000000
1365569392,7142.037380000000,0.360369670000
1365573100,7167.165800000000,0.004500000000
1365579253,7470.076490000000,0.054436980000
1365579369,7470.076490000000,0.050901880000
1365579592,7483.863400000000,0.224400000000
1365581341,7200.000000000000,0.020000000000
1365585078,7490.884500000000,0.019100000000
1365587278,7600.000000000000,0.050000000000
1365595727,8000.000000000000,1.000000000000
1365598123,8307.158980000000,0.010420590000
1365599036,8307.158980000000,0.163109700000
1365606947,7743.898050000000,0.292578380000
1365606948,7743.898050000000,0.292571610000
1365607009,7698.964630000000,0.005487540000
1365609638,7500.000000000000,0.070564310000
1365611733,7200.000000000000,0.196400000000
1365613705,6638.136000000000,0.010000000000
1365613706,6513.710150000000,0.081000000000
1365613706,6500.534190000000,9.909000000000
1365616643,6000.000000000000,1.438700000000
1365616681,5950.000000000000,0.010000000000
1365616820,5846.000000000000,0.010000000000
1365617990,5150.000000000000,0.200000000000
1365619086,4800.000000000000,0.027738680000
1365620019,4449.000000000000,1.000000000000
1365621981,3829.695550000000,11.000000000000
1365626307,4890.588810000000,1.000000000000
1365626309,4890.588810000000,1.000000000000
1365626319,4890.588810000000,1.000000000000
1365626795,5904.113980000000,0.290243100000
1365626795,5904.113980000000,0.295319480000
1365627886,6075.265600000000,0.490000000000
1365629052,5803.347040000000,0.933537570000
1365629313,5803.347040000000,0.930207150000
1365629908,5744.543330000000,0.052200000000
1365629985,5748.810250000000,0.100000000000
1365630331,5361.563120000000,0.028386970000
1365630896,5012.397880000000,0.036568080000
1365633047,4495.696540000000,0.020159180000
1365633048,4495.696240000000,0.065488830000
1365633048,4495.696240000000,0.400000000000
1365633524,5315.857400000000,1.000000000000
1365634125,4586.825530000000,1.000000000000
1365637810,5080.683810000000,0.282756920000
1365638278,4860.213090000000,0.294461670000
1365647560,4973.377250000000,0.002486500000
1365650635,5030.611750000000,0.071866200000
1365651276,5000.458200000000,0.021674440000
1365652437,5364.090720000000,0.200000000000
1365652437,5364.091040000000,0.800000000000
1365658211,5550.801220000000,0.010000000000
1365658211,5570.122270000000,0.057846480000
1365661240,5413.340390000000,0.262800000000
1365661240,5413.340390000000,0.731200000000
1365663235,5760.012800000000,0.061900000000
1365669665,5157.394110000000,0.010358070000
1365669888,5316.934890000000,0.022500000000
1365686739,4013.946050000000,2.194000000000
1365688420,3702.865370000000,0.114400000000
1365733796,2684.743690000000,5.000000000000
1365734929,3979.421860000000,4.707494280000
1365734929,4162.844180000000,0.030000000000
1365734929,4162.844180000000,0.030000000000
1365734929,4421.299080000000,0.230050880000
1365746792,3152.204950000000,0.202100000000
1365747525,3310.131050000000,0.195566640000
1365747526,3316.448090000000,0.000971880000
1365747526,3322.238520000000,0.673461480000
1365756926,2770.907200000000,0.243600000000
1365765866,2404.763740000000,0.023309600000
1365767493,2374.319630000000,0.036900000000
1365769272,1896.748060000000,0.010000000000
1365769354,1865.000000000000,0.019885570000
1365769415,1848.113500000000,1.000000000000
1365769698,1740.339300000000,1.550000000000
1365769698,1758.222540000000,0.142122000000
1365769698,1758.222850000000,2.451400000000
1365769698,1760.181240000000,5.180678000000
1365769841,1683.542950000000,0.029885570000
1365770923,2092.145510000000,0.023900000000
1365775856,2508.930520000000,0.140000000000
1365776060,2487.218260000000,0.011600000000
1365777256,2314.871560000000,20.000000000000
1365785055,2337.027060000000,5.355858950000
1365785055,2341.170730000000,8.146100000000
1365785055,2341.170730000000,6.282853630000
1365794017,2603.040000000000,11.338803770000
1365794018,2589.436830000000,0.300000000000
1365794018,2563.600000000000,5.000000000000
1365794018,2563.600000000000,10.000000000000
1365794018,2563.600000000000,2.000000000000
1365794018,2563.205600000000,0.253900000000
1365794018,2560.665300000000,1.107296230000
1365802633,2839.680000000000,0.017700000000
1365803500,3091.174090000000,0.016259950000
1365811160,3622.807040000000,7.191110000000
1365811161,3646.425200000000,10.058339970000
1365811161,3646.425200000000,2.000000000000
1365811161,3646.425200000000,2.012317450000
1365814885,3719.648540000000,4.000000000000
1365814885,3701.010770000000,16.000000000000
1365821397,3275.559010000000,22.100000000000
1365828056,3653.062340000000,0.466707710000
1365828253,3450.685370000000,1.111544210000
1365828253,3450.685060000000,0.602754030000
1365828253,3450.685060000000,1.800000000000
1365828253,3450.685060000000,11.000000000000
1365828253,3447.658150000000,0.500000000000
1365828253,3444.631230000000,1.000000000000
1365828254,3443.117770000000,2.000000000000
1365828254,3439.776060000000,1.985701760000
1365832204,3358.121950000000,0.085000000000
1365834689,3370.931490000000,0.227914000000
1365838605,3685.798930000000,0.214300000000
1365840317,3602.333590000000,0.158863120000
1365840317,3602.030900000000,0.266171280000
1365840637,3562.782180000000,0.010295930000
1365841865,3634.673170000000,4.000000000000
1365852875,3595.165850000000,1.000000000000
1365854782,3601.091950000000,0.200000000000
1365854795,3599.156090000000,0.008919600000
1365859598,3559.609270000000,0.100000000000
1365860677,3688.980040000000,0.176670640000
1365869730,3644.347530000000,0.017944320000
1365869730,3651.818850000000,0.060256280000
1365870079,3477.927320000000,0.078200000000
1365873342,3606.990890000000,0.207000000000
1365879070,3400.000000000000,0.104694390000
1365881655,3337.581320000000,0.010700000000
1365906938,3180.151200000000,26.259138360000
1365921476,3335.950150000000,0.473400000000
1365929931,3091.488990000000,1.000000000000
1365931226,3233.833380000000,0.030000000000
1365931226,3239.695320000000,0.500000000000
1365931226,3240.577320000000,0.418467840000
1365941572,3104.336480000000,0.025000000000
1365969617,3000.000000000000,0.150000000000
1365986435,2957.543260000000,0.551411560000
1365986435,2957.543580000000,0.448588440000
1365986479,2831.489410000000,0.010000000000
1365986491,2940.084210000000,0.200935060000
1365986491,2940.084530000000,0.182764940000
1365993349,2937.000000000000,1.889100000000
1365998162,3019.744850000000,1.891480390000
1366003495,2932.133890000000,0.020000000000
1366003880,3046.492180000000,0.019000000000
1366004296,3065.350490000000,0.000132920000
1366013464,3164.250430000000,0.010000000000
1366013464,3164.253610000000,0.027000000000
1366038650,2996.000000000000,2.042815520000
1366044997,2937.095640000000,2.031580030000
1366047516,2839.247890000000,2.169736200000
1366048463,2873.377300000000,0.031000000000
1366049134,2850.000000000000,0.047760000000
1366050403,2769.628800000000,0.010000000000
1366054329,2827.796650000000,0.000005490000
1366056226,2826.520900000000,0.180000000000
1366072266,2621.799780000000,0.010000000000
1366072274,2621.799780000000,0.000734990000
1366073546,2535.471510000000,0.022500000000
1366077519,2500.000000000000,0.010000000000
1366077526,2500.000000000000,0.100000000000
1366077529,2500.000000000000,0.200000000000
1366077541,2500.000000000000,0.100000000000
1366077557,2500.000000000000,1.747802650000
1366077735,2492.428120000000,0.011933540000
1366083799,2106.775560000000,1.697245870000
1366083799,2106.775880000000,1.302754130000
1366084184,2090.693300000000,1.156300000000
1366084390,2058.529100000000,0.016260920000
1366085065,1900.000000000000,2.411937810000
1366087472,1967.181880000000,0.121922060000
1366087477,1967.181880000000,2.290015740000
1366088549,2095.841150000000,0.013135580000
1366088814,2039.701420000000,0.740000000000
1366088814,2039.701420000000,0.071383450000
1366093617,1963.643780000000,0.020000000000
1366093619,1966.859600000000,0.006000000000
1366098301,1750.000000000000,0.400000000000
1366100734,1673.204680000000,0.550000000000
1366102485,1801.212970000000,3.127175300000
1366102485,1801.212970000000,2.072824700000
1366103633,1802.467380000000,1.581100000000
1366108491,2055.312650000000,2.501882600000
1366114204,1857.500870000000,1.000000000000
1366114231,1871.977800000000,2.426491750000
1366114231,1871.978120000000,0.075390850000
1366115924,1851.273820000000,2.501882600000
1366119092,1945.953290000000,2.501882600000
1366120041,1952.742740000000,2.501882600000
1366120761,1976.941110000000,2.501882600000
1366124700,2076.510800000000,0.070000000000
1366125663,2156.323790000000,0.150000000000
1366125663,2159.258460000000,0.844153940000
1366125663,2160.756310000000,1.618088370000
1366126082,2300.000000000000,0.100000000000
1366126721,2242.633370000000,0.013056770000
1366131683,2387.000000000000,2.612242310000
1366134649,2300.001000000000,2.612242310000
1366134649,2300.000000000000,1.310000000000
1366135747,2210.864030000000,0.067000000000
1366137250,2211.072510000000,0.295700000000
1366148486,2196.704690000000,0.496200000000
1366148486,2201.982850000000,0.043364860000
1366162192,2109.128970000000,0.030000000000
1366162194,2114.895410000000,0.046469000000
1366162194,2114.895730000000,0.023531000000
1366162206,2114.895730000000,0.019931700000
1366167312,2402.324120000000,0.149100000000
1366167328,2402.324130000000,0.129110000000
1366167371,2402.745650000000,2.332938420000
1366181253,2400.000000000000,0.400000000000
1366181422,2400.000000000000,0.078482790000
1366190374,2630.279620000000,1.000000000000
1366190383,2630.279620000000,1.000000000000
1366190389,2630.279620000000,1.000000000000
1366190399,2630.279620000000,0.895600000000
1366192184,2517.000000000000,2.823333710000
1366194045,2650.000000000000,2.807805370000
1366197925,2643.104540000000,0.365100000000
1366197925,2634.884510000000,1.000000000000
1366197926,2634.578910000000,1.634900000000
1366198223,2643.441920000000,0.011800000000
1366202364,2611.483030000000,0.009945000000
1366202367,2611.483030000000,0.001927730000
1366202884,2599.987720000000,0.011700000000
1366203057,2739.973110000000,0.009426520000
1366203378,2756.201860000000,0.010900000000
1366203566,2750.460110000000,0.000070800000
1366205129,2848.800000000000,0.120000000000
1366205528,2808.465800000000,2.823333710000
1366216434,2893.172220000000,0.488000000000
1366231701,2820.000000000000,0.050000000000
1366244770,2914.736000000000,0.010670500000
1366249586,2935.935240000000,0.010000000000
1366249610,2903.639950000000,0.000535780000
1366268318,2984.329780000000,0.978795650000
1366268318,2984.329780000000,1.000000000000
1366268318,2984.329780000000,1.000000000000
1366268374,2984.329790000000,8.176415730000
1366268386,2984.329790000000,5.183369290000
1366268388,2984.329790000000,16.661419330000
1366273200,2914.924390000000,0.300000000000
1366273309,2903.635610000000,0.000816000000
1366297365,2906.466730000000,0.019880000000
1366301891,2989.000000000000,0.020000000000
1366302209,3000.000000000000,10.000000000000
1366306085,3080.282850000000,0.444700000000
1366306370,3082.400760000000,2.285331920000
1366307283,3082.400760000000,0.729695400000
1366310044,3082.400760000000,8.984972680000
1366310530,2988.627370000000,0.020000000000
1366313001,3099.352810000000,0.010000000000
1366313001,3108.131310000000,0.010000000000
1366313001,3114.994700000000,0.268997290000
1366313493,3112.510770000000,0.280000000000
1366327009,3208.592540000000,0.470261400000
1366331830,3360.068040000000,0.010000000000
1366336352,3451.857060000000,0.100000000000
1366340099,3728.162320000000,0.039000000000
1366340099,3614.418540000000,0.038766000000
1366340101,3728.162320000000,0.037851520000
1366340102,3614.418540000000,0.028234000000
1366340102,3728.162320000000,0.001148480000
1366340132,3792.491230000000,0.010000000000
1366340162,3711.444440000000,0.010000000000
1366340669,3711.444440000000,0.005958900000
1366340983,3598.802830000000,0.610000000000
1366349365,3750.907360000000,0.308264360000
1366356189,3939.273950000000,0.010700000000
1366358479,4094.268210000000,0.430000000000
1366358536,4200.305630000000,0.416676900000
1366358581,4094.268210000000,7.410144290000
1366358646,4200.305630000000,7.150000000000
1366358692,4200.305630000000,0.029000000000
1366358770,4094.268210000000,0.299889220000
1366358770,4020.487800000000,6.836036780000
1366358878,4212.656610000000,6.750000000000
1366359280,4290.929330000000,0.025000000000
1366361153,4179.554540000000,0.010256440000
1366362433,3953.228860000000,0.020000000000
1366362896,3678.746330000000,0.270000000000
1366369071,3682.767230000000,6.734350000000
1366369552,3668.671600000000,0.020000000000
1366374378,3468.956000000000,0.018897220000
1366374378,3468.955680000000,2.000000000000
1366374404,3468.955680000000,22.681102780000
1366375641,3538.029270000000,0.000060360000
1366375745,3538.029270000000,0.158978760000
1366390827,3850.000000000000,1.000000000000
1366392894,3927.744210000000,0.030000000000
1366393378,3853.547150000000,20.000000000000
1366397889,3801.622080000000,0.052600000000
1366411253,3885.649670000000,6.344467610000
1366421547,3620.675420000000,0.014734780000
1366438597,3630.388310000000,0.010000000000
1366444595,3688.462020000000,0.011000000000
1366445035,3871.325870000000,0.250000000000
1366459854,3724.361820000000,0.250000000000
1366494285,4009.200000000000,0.020000000000
1366503690,3966.565980000000,0.036231300000
1366522075,4071.366540000000,0.010000000000
1366522108,4022.030300000000,0.007656200000
1366524091,4028.304350000000,0.230000000000
1366524139,4027.981900000000,0.005959960000
1366525185,3970.204130000000,0.004081950000
1366534696,3743.643880000000,0.240000000000
1366534696,3858.844740000000,0.224040040000
1366534749,3743.643880000000,0.220000000000
1366534771,3743.643880000000,0.004060000000
1366537256,3729.741060000000,0.012455100000
1366548432,3952.000000000000,0.029820000000
1366548432,4044.466640000000,0.000993840000
