1315327386,35.657630000000,14.083061530000
1315327472,35.850530000000,2.807807860000
1318620466,21.647690000000,4.021320450000
1318839186,18.200600000000,4.754238320000
1318849534,16.159490000000,0.020205660000
1318849539,16.159480000000,0.318617260000
1318849540,16.159480000000,0.066800000000
1318849552,16.159480000000,0.135358000000
1318849555,16.159480000000,0.066800000000
1318849557,16.159480000000,1.000000000000
1318849586,16.159480000000,2.376050000000
1318849590,16.159480000000,0.066800000000
1318849611,16.159480000000,0.607369080000
1318849645,16.159470000000,0.066800000000
1318849648,16.159460000000,0.066800000000
1318849652,16.159460000000,0.066800000000
1318849707,16.151580000000,0.010155200000
1318849710,16.151570000000,4.516404410000
1318862240,14.664560000000,0.020218580000
1318862295,14.593380000000,0.020217780000
1318862356,14.528000000000,0.579563640000
1319542370,14.235750000000,25.500000000000
1319542661,14.221100000000,0.500000000000
1319543177,14.185790000000,0.066814740000
1320323557,17.521190000000,22.750000000000
1320403941,17.607180000000,15.000000000000
1320403941,17.609950000000,8.033295840000
1320403967,17.609960000000,5.356704160000
1322679194,16.469900000000,0.005768700000
1323046736,15.845960000000,2.755078570000
1323046736,15.845960000000,0.000192140000
1323290097,16.901370000000,0.150000000000
1323290361,16.901570000000,2.190000000000
1323290361,16.901570000000,17.310000000000
1323290391,16.901570000000,2.690000000000
1323290391,16.983500000000,12.000000000000
1323290391,17.002840000000,4.800000000000
1323290391,17.011380000000,0.510000000000
1323422440,17.035690000000,8.805000000000
1323472584,16.916860000000,43.929997640000
1325014254,23.451510000000,18.000000000000
1325014661,23.451510000000,17.434800000000
1327411798,36.586130000000,13.666400000000
1327877121,29.998920000000,0.452247250000
1328100654,32.040420000000,15.000000000000
1328100656,32.040420000000,11.410000000000
1328100689,32.040420000000,1.890000000000
1328827661,33.431780000000,0.300000000000
1328827661,33.431780000000,0.100000000000
1329817508,24.468660000000,0.051335360000
1329817508,24.583540000000,0.200000000000
1329817508,24.678880000000,0.061014930000
1329817508,24.678880000000,20.000000000000
1329817508,24.698410000000,0.200000000000
1329817509,24.750910000000,0.028640000000
1329817509,24.755790000000,0.231478500000
1329817510,24.755850000000,2.000000000000
1329818332,24.767170000000,10.000000000000
1329818332,24.813230000000,0.232442200000
1329818333,24.870670000000,0.233453700000
1329818333,24.870730000000,2.000000000000
1329818333,24.886690000000,0.104360000000
1329818333,24.910530000000,0.052480000000
1329818333,24.928110000000,0.234260700000
1329818334,24.928170000000,0.023355720000
1329818334,24.928170000000,0.047117500000
1329818334,24.945800000000,1.716510000000
1329818334,24.978710000000,32.611851390000
1329818362,24.640920000000,0.229467400000
1329818362,24.698360000000,0.173683190000
1330426408,27.007840000000,0.020775410000
1330426577,27.007840000000,0.980525360000
1331700443,30.134220000000,1.000000000000
1331782663,31.243000000000,0.961617640000
1331898736,31.221340000000,24.180000000000
1331898740,31.221340000000,3.820000000000
1332321155,27.717010000000,3.000000000000
1332321155,27.717590000000,30.622300000000
1332321188,27.716440000000,0.107900000000
1332351361,27.889040000000,2.084681870000
1332351361,27.889090000000,3.000000000000
1332351379,27.889670000000,10.315318130000
1332776003,26.447520000000,9.521587990000
1332776003,26.530850000000,3.000000000000
1332776052,26.532120000000,1.855724140000
1332776499,26.532120000000,9.866314880000
1332776499,26.532120000000,5.000000000000
1332776503,26.532120000000,0.500000000000
1332776521,26.532120000000,0.221041000000
1332776980,26.532120000000,10.035331990000
1333382996,27.070090000000,0.565610430000
1333463039,28.343510000000,0.535600000000
1334424285,27.933860000000,0.039000000000
1334593316,28.696500000000,3.000000000000
1334593334,28.698180000000,10.560380210000
1334593375,28.698190000000,31.990813320000
1334593375,28.698190000000,3.000000000000
1334593394,28.698190000000,1.223554510000
1334744140,28.736790000000,0.050283410000
1334840868,29.990910000000,0.010000000000
1334840888,29.990910000000,0.010000000000
1334840958,28.854860000000,0.019880000000
1334841087,29.990970000000,0.083000000000
1334897453,28.955250000000,0.010238200000
1334920348,29.832910000000,0.009877340000
1336600331,28.660680000000,0.028942770000
1336600349,28.660680000000,0.028942770000
1336623664,28.788250000000,0.013494280000
1336632648,28.930080000000,0.023996600000
1336672002,29.364910000000,0.002874850000
1336712321,28.526620000000,0.028645940000
1336712325,28.384700000000,0.050940490000
1336712328,28.244180000000,0.016431700000
1336808226,28.478540000000,0.091134310000
1336840679,29.205910000000,2.000000000000
1336936611,29.167180000000,0.088510780000
1339180534,34.058650000000,60.422535830000
1339368071,33.000000000000,60.000000000000
1340609449,38.334330000000,3.000000000000
1340609460,38.353780000000,3.000000000000
1340609468,38.353780000000,0.854800000000
1340609501,38.353780000000,0.010000000000
1340609522,38.353780000000,3.000000000000
1340609537,38.323450000000,0.010000000000
1340609537,38.323450000000,0.010000000000
1340609537,38.353840000000,0.010000000000
1340609542,38.353850000000,0.010000000000
1340609542,38.353850000000,0.010000000000
1340609557,38.353850000000,19.942000000000
1340609578,38.353850000000,72.463296900000
1341420940,37.838930000000,1.000000000000
1341784652,40.242620000000,0.055600000000
1341859243,40.654910000000,23.500000000000
1341859244,40.311720000000,1.019080000000
1341859317,40.311720000000,0.580920000000
1341859437,40.468970000000,0.060000000000
1342194889,48.198760000000,0.980000000000
1342194890,48.198820000000,18.128400000000
1342261470,46.445180000000,0.800000000000
1342484843,51.201170000000,2.330000000000
1342536353,52.412380000000,33.885000000000
1342536371,52.412510000000,0.020322820000
1342536371,52.412510000000,0.200000000000
1342536387,52.484220000000,1.602927170000
1342536405,52.485410000000,0.020224200000
1342536405,52.485410000000,0.200000000000
1342536405,52.507160000000,3.629334430000
1342536405,52.557190000000,3.639707460000
1342536405,52.558310000000,0.020224500000
1342536405,52.558310000000,0.200000000000
1342536405,52.631200000000,0.020224880000
1342536406,52.667650000000,9.254016850000
1342536406,52.685910000000,40.546467680000
1342536433,52.615340000000,0.010000000000
1342536433,52.685910000000,0.349800000000
1342654705,56.000000000000,2.117552500000
1342744053,53.987640000000,2.192700000000
1343674776,53.299670000000,3.434847180000
1343819728,58.643810000000,0.245445380000
1343819728,58.643810000000,3.036573080000
1343819728,58.649460000000,34.085174430000
1343819728,58.649460000000,0.250000000000
1343819728,58.687590000000,31.517233880000
1343823939,58.687590000000,36.109900000000
1343824020,58.687590000000,0.023463050000
1344018860,65.033610000000,0.030000000000
1344018861,64.921880000000,0.010000000000
1344018861,64.921880000000,0.010000000000
1344019347,64.921880000000,14.272500000000
1344019353,64.921880000000,0.010000000000
1344019532,64.921880000000,15.000000000000
1344019608,64.921880000000,67.167500000000
1344063963,68.266460000000,6.000000000000
1344063963,68.476680000000,3.984040000000
1344063963,68.647840000000,3.000000000000
1344063963,68.647840000000,3.000000000000
1344063963,68.765070000000,6.733030000000
1344063963,69.109680000000,8.752940000000
1344063963,69.143050000000,1.000000000000
1344063963,69.251400000000,10.099550000000
1344063963,69.451390000000,3.000000000000
1344063963,69.454510000000,44.471060690000
1344602671,69.921930000000,0.010000000000
1344602671,70.562290000000,1.326030000000
1344602671,70.566080000000,9.558880000000
1344602671,70.566200000000,3.695090000000
1344805051,71.269410000000,0.022000000000
1345491756,58.522410000000,1.757888930000
1345491756,59.128730000000,0.010000000000
1345491756,59.141040000000,18.090266040000
1345491756,59.141100000000,13.977684890000
1345572685,62.989900000000,0.009798070000
1345572685,63.274020000000,0.020016120000
1345572787,63.274020000000,0.010000000000
1345572799,63.274020000000,0.010000000000
1345572998,63.274020000000,1.477785810000
1346439016,61.269420000000,0.900000000000
1346591373,59.957230000000,3.879000000000
1346591395,59.960290000000,29.810161020000
1346837766,63.203780000000,36.007715370000
1346837766,63.373780000000,0.250000000000
1346837766,63.373780000000,0.250000000000
1346837766,63.373780000000,0.250000000000
1346837766,63.385620000000,3.757570400000
1347811809,66.334970000000,0.011000000000
1347942478,68.217580000000,0.115340040000
1347942478,69.023340000000,0.200000000000
1347942478,69.405410000000,0.200000000000
1347942478,69.461960000000,29.553968570000
1347942479,69.461960000000,71.903588300000
1347942480,69.499380000000,0.010266850000
1347942480,69.530740000000,4.916124000000
1348030617,69.945430000000,0.011000000000
1348030618,69.945430000000,0.006509580000
1348045672,72.328700000000,0.010027830000
1348447227,70.591490000000,0.242848430000
1348543618,70.190440000000,0.074088110000
1348632000,68.043690000000,0.887940000000
1348632000,68.043690000000,0.027010000000
1348632000,68.043690000000,0.085050000000
1349237331,73.268690000000,1.000000000000
1349300547,74.095720000000,0.445794330000
1349443410,73.790270000000,0.893727720000
1349671954,68.032430000000,0.966461560000
1349719541,64.082670000000,0.511733540000
1349719575,64.082670000000,0.488266460000
1349758961,68.549900000000,0.473647450000
1349760736,68.549900000000,0.078926980000
1349782744,69.602720000000,0.137129130000
1349808287,67.309980000000,0.200000000000
1349833855,67.287120000000,0.486748240000
1349833857,67.287120000000,0.267790000000
1349833857,67.287120000000,0.245461760000
1349855609,69.307790000000,0.491830860000
1349855610,69.307790000000,0.026853770000
1349868652,69.307790000000,0.276000000000
1349904760,70.005080000000,0.105735570000
1349904762,70.005080000000,0.105735570000
1349904773,70.005080000000,0.105280890000
1349904827,70.005080000000,0.105054560000
1349904832,70.005080000000,0.104828720000
1349904856,70.005080000000,0.104603310000
1349904864,70.005080000000,0.104378400000
1349904873,70.005080000000,0.020538280000
1349965125,70.005080000000,0.083615710000
1349965461,68.251630000000,0.000937430000
1349966103,71.173760000000,0.025098370000
1349966103,71.173760000000,0.075216810000
1349966103,71.233070000000,0.167590270000
1350273801,68.961180000000,6.168635270000
1350273801,69.718270000000,0.923038150000
1350273801,69.718270000000,0.923038150000
1350273801,69.718280000000,0.923038150000
1350273801,69.879780000000,43.895456180000
1350273801,69.931610000000,0.923038150000
1350273801,69.961940000000,0.500000000000
1350273802,69.961940000000,0.500000000000
1350273802,69.973900000000,0.409299810000
1350273802,69.973960000000,4.656148650000
1350547038,66.809180000000,0.117049900000
1350547049,66.809180000000,0.059235180000
1350547059,66.809180000000,0.029978190000
1350547068,66.809180000000,0.015170420000
1350547288,66.809180000000,0.028566310000
1351057254,66.953910000000,0.311927020000
1351189231,64.000000000000,1.000000000000
1351350470,61.371640000000,0.065508190000
1351721400,63.028700000000,0.027705750000
1352101328,60.713230000000,0.278693470000
1352211237,61.705350000000,0.010000000000
1352211237,61.350720000000,0.100000000000
1352211237,61.070560000000,0.020227450000
1352211262,61.070560000000,7.140813540000
1352211361,61.057090000000,5.128959010000
1352314524,64.658210000000,0.184303460000
1352378518,62.886620000000,0.001647450000
1352378585,62.886620000000,1.201550190000
1352405532,65.302600000000,7.186200000000
1352405532,65.667150000000,5.000000000000
1352405532,65.667210000000,7.114060020000
1352405532,65.667270000000,2.464184060000
1352757917,65.927150000000,0.133700000000
1352757917,65.927150000000,0.133700000000
1352757917,65.927150000000,0.133700000000
1352757917,65.927150000000,0.133700000000
1352757917,65.927150000000,0.133700000000
1352757917,65.927150000000,0.133700000000
1352757917,65.927150000000,0.133700000000
1352757917,65.927150000000,0.133700000000
1352778182,65.000000000000,0.037882890000
1352778312,65.000000000000,0.010000000000
1352836918,65.751610000000,8.447600000000
1352836918,65.960530000000,0.104358660000
1352836918,65.967120000000,1.798041340000
1352900926,63.644510000000,0.030000000000
1352903008,65.853940000000,0.028000000000
1352903016,65.853940000000,0.000819540000
1353024596,65.227270000000,0.354082820000
1353024660,65.227270000000,0.310863750000
1353052888,64.754510000000,1.000000000000
1353073777,67.368820000000,1.000000000000
1353074305,68.146950000000,1.000000000000
1353074307,68.146950000000,0.202519330000
1353087817,67.997880000000,0.022125230000
1353339971,68.665600000000,0.077733630000
1353340841,69.569160000000,0.133700000000
1353340841,69.569160000000,0.133700000000
1353340841,69.737830000000,66.732600000000
1353340890,69.569160000000,0.133700000000
1353340890,69.737830000000,0.866300000000
1353578588,70.074520000000,0.010488010000
1353596810,71.281050000000,1.020024590000
1353596993,71.281050000000,0.560000000000
1353597364,71.281050000000,3.707427190000
1353597367,71.281050000000,4.712548220000
1353894008,71.413170000000,0.122782280000
1353918616,73.541830000000,7.128868010000
1353968625,72.139330000000,0.445200000000
1354066087,69.604090000000,1.000000000000
1354083570,71.331320000000,0.063036450000
1354108240,71.331320000000,0.063036450000
1354171417,71.957060000000,0.025109960000
1354171685,71.957060000000,129.600669620000
1354220343,73.332160000000,0.020245530000
1354220344,73.610090000000,0.010000000000
1354220344,74.137710000000,0.019940000000
1354220344,74.137710000000,0.019940000000
1354220344,74.137770000000,12.447536930000
1354263479,73.523310000000,0.098487080000
1354263481,73.840990000000,0.010311200000
1354263482,73.915650000000,0.010307420000
1354263482,73.990310000000,0.010303630000
1354263482,74.047060000000,0.986817500000
1354263482,74.064970000000,0.010299760000
1354263482,74.102170000000,18.327249790000
1354369752,72.153070000000,0.727265710000
1354402489,74.155680000000,3.546200000000
1354620288,73.154020000000,0.112653230000
1354745474,76.102410000000,0.333211300000
1354792751,78.843380000000,0.010105150000
1354792751,78.880500000000,20.866792170000
1354792751,78.917620000000,0.010084210000
1354792751,78.991860000000,0.010090830000
1354792751,79.066100000000,0.010088450000
1354792751,79.140340000000,0.010086130000
1354792751,79.214580000000,0.010083830000
1354792751,79.288820000000,0.010081520000
1354792751,79.298760000000,40.381127770000
1354817955,77.766900000000,0.114075310000
1354837180,76.652180000000,0.010000000000
1354837968,76.652180000000,0.554578650000
1354860273,76.328120000000,0.286802670000
1354860283,76.328120000000,0.057542540000
1354864224,78.056460000000,0.254111000000
1354864224,78.056480000000,0.254111000000
1354864225,78.056480000000,0.254111000000
1354864225,78.122390000000,0.185246920000
1354864225,78.128690000000,0.185246920000
1354864225,78.191520000000,1.154728030000
1355179647,77.976140000000,0.278025540000
1355179709,77.976140000000,0.003714900000
1355301112,79.734930000000,3.000000000000
1355301112,79.735510000000,8.020707580000
1355406704,77.976140000000,0.006285100000
1355406717,77.976140000000,0.276028230000
1355406723,77.976140000000,0.276028230000
1355407119,77.976140000000,0.441658440000
1355820193,75.184490000000,0.051480970000
1355822503,75.184490000000,0.278519030000
1357238747,76.979620000000,1.636800000000
1357428627,77.904610000000,1.000000000000
1357428628,77.984740000000,13.515700000000
1357708116,79.693040000000,0.054778210000
1357723882,79.693040000000,13.351500000000
1357735863,79.664940000000,49.851200000000
1357735881,79.664940000000,0.017951180000
1357856251,80.198580000000,0.026998390000
1357856351,80.198580000000,0.026998390000
1357860551,80.198580000000,0.057784720000
1357981137,81.950830000000,0.052700000000
1358176428,82.024410000000,0.011789660000
1358337549,81.788200000000,0.039157600000
1358337549,83.050270000000,21.788695540000
1358337549,83.050330000000,30.961151120000
1358337549,83.050900000000,0.615363590000
1358457997,85.310650000000,0.011000000000
1358465883,87.886550000000,0.020833170000
1358592139,88.682880000000,0.012814960000
1358592438,88.682880000000,0.015000000000
1358592445,88.682880000000,0.015000000000
1358592449,88.682880000000,0.015000000000
1358592454,88.682880000000,0.015000000000
1358592459,88.682880000000,0.015000000000
1358592462,88.682880000000,0.015000000000
1358592467,88.682880000000,0.015000000000
1358592476,88.682880000000,0.015000000000
1358592714,88.682880000000,2.479000000000
1358592844,88.682880000000,0.982295080000
1358592851,88.682880000000,6.915289960000
1358750845,91.796130000000,0.049109550000
1358769813,93.095140000000,0.011537320000
1358783784,94.156890000000,0.093218120000
1358858609,96.853670000000,0.101928590000
1358908160,96.853670000000,0.101928590000
1359053382,101.859070000000,0.082564220000
1359062833,91.608010000000,3.317256680000
1359062833,90.938170000000,11.682743320000
1359066585,99.162010000000,13.500000000000
1359069560,93.173830000000,13.000000000000
1359109864,93.966750000000,0.036182180000
1359113697,96.562810000000,0.933248340000
1359114005,96.562810000000,2.000000000000
1359114192,96.562810000000,12.040000000000
1359114623,96.562810000000,4.539851660000
1359367857,100.845210000000,0.114633440000
1359416687,105.849250000000,11.500000000000
1359471098,107.845290000000,0.019429590000
1359622686,110.811320000000,0.016418010000
1359692687,115.445940000000,0.019304620000
1359782104,110.811320000000,0.016418010000
1359947300,112.158530000000,0.594871850000
1360126906,115.603390000000,0.062812900000
1360276712,119.922530000000,0.051901020000
1360334212,124.393470000000,0.387571690000
1360334222,124.393470000000,0.387557220000
1360665816,142.639720000000,0.015724120000
1360673047,142.639720000000,1.448575880000
1360804353,131.203840000000,0.974026970000
1360804442,132.629150000000,0.974026970000
1360861195,142.900040000000,2.543380880000
1360861195,142.899980000000,1.000000000000
1360861195,142.852080000000,3.780346670000
1360861195,142.709350000000,6.676272450000
1360867730,149.087210000000,2.296781350000
1360867730,149.138730000000,0.979888180000
1360921110,153.798740000000,4.307049110000
1360921110,154.234970000000,19.552577920000
1360930311,150.027480000000,0.858242940000
1361090880,150.705150000000,9.000000000000
1361442999,167.410370000000,0.067646360000
1361535749,177.148530000000,0.110798200000
1361535749,177.148530000000,0.250000000000
1361535749,177.260270000000,1.486301800000
1361591303,167.410370000000,0.000228000000
1361591303,167.410370000000,0.415873080000
1361865733,175.332240000000,6.248040290000
1361919077,179.298720000000,7.519000000000
1362081964,193.076790000000,0.182577740000
1362082124,188.367600000000,0.016243880000
1362130620,193.938200000000,0.199435050000
1362404385,203.411460000000,0.011778030000
1362456419,212.893520000000,0.015261200000
1362470724,227.977220000000,0.009940000000
1362470812,227.977220000000,4.100953200000
1362524872,231.284180000000,0.005842490000
1362537622,241.490120000000,0.082459720000
1362539351,249.611390000000,0.115086470000
1362541975,248.340100000000,0.218216290000
1362541976,248.340100000000,0.218414070000
1362542247,248.340100000000,0.001547830000
1362542802,247.311020000000,0.001546510000
1362543856,248.340100000000,1.000000000000
1362543856,248.340100000000,1.000000000000
1362552162,256.010100000000,0.026678450000
1362561550,262.738330000000,0.930021350000
1362563224,254.539960000000,0.183396000000
1362602679,265.642020000000,0.554781230000
1362636020,238.907720000000,0.397470530000
1362636021,238.907720000000,0.397470530000
1362636025,239.196930000000,0.397470530000
1362645339,246.723180000000,0.040119570000
1362689427,246.085650000000,0.017681780000
1362689427,252.094680000000,4.045918220000
1362695472,248.016200000000,0.485081170000
1362695472,251.977550000000,4.922351500000
1362695472,251.977550000000,10.135046750000
1362698806,239.463450000000,0.259965630000
1362698825,239.463450000000,0.642415480000
1362727599,243.401280000000,0.010000000000
1362728764,243.401280000000,0.705434290000
1362738631,247.846830000000,0.023360610000
1362739147,247.846830000000,0.123194320000
1362772783,250.671960000000,0.254497740000
1362772820,250.671960000000,0.168855910000
1362824116,256.171080000000,0.055102050000
1363051115,265.275900000000,0.417700950000
1363051115,265.275900000000,0.417909640000
1363051115,265.275900000000,0.015456360000
1363140675,258.406860000000,0.032232200000
1363140675,264.994600000000,0.031286330000
1363221056,270.037400000000,0.112884120000
1363278979,270.037400000000,0.035993200000
1363278979,270.037400000000,0.014058940000
1363278979,270.037400000000,0.030438770000
1363278979,270.037400000000,0.030438770000
1363344480,270.870860000000,0.997600000000
1363623553,276.629510000000,0.032512680000
1363648778,279.821120000000,0.012985480000
1363658277,297.102870000000,0.048523580000
1363659426,297.102870000000,0.015695640000
1363670961,297.325300000000,0.036173570000
1363687123,303.656930000000,0.013579310000
1363692106,310.754500000000,0.239898410000
1363697560,316.177870000000,0.481268520000
1363709674,331.889400000000,0.422712380000
1363711517,325.110310000000,0.541200000000
1363711543,332.158600000000,0.018148130000
1363759497,344.724390000000,0.205645730000
1363764503,340.661520000000,0.072054490000
1363764503,346.317360000000,0.704709860000
1363808047,362.723600000000,0.772103760000
1363845462,376.575210000000,0.220778740000
1363857164,382.454570000000,0.026980130000
1363860896,398.353240000000,2.344100000000
1363861405,402.071830000000,0.692300000000
1363861405,402.090190000000,0.050000000000
1363861405,402.210810000000,2.833790460000
1363869799,403.015330000000,12.350000000000
1363869799,403.015450000000,16.816836990000
1363869799,403.074470000000,13.833163010000
1363880407,391.274820000000,0.826871210000
1363880410,391.224720000000,3.126100000000
1363880411,390.775120000000,4.680458140000
1363880411,389.278310000000,1.549870650000
1363885642,416.623660000000,0.151560620000
1363932250,413.983080000000,0.186957620000
1363934179,410.683990000000,0.095706190000
1363958486,424.627670000000,0.299542370000
1363958487,433.749060000000,0.348556190000
1363976885,415.224340000000,0.199281980000
1363985916,408.053870000000,0.102061790000
1364028434,332.511900000000,2.330035400000
1364032366,350.000000000000,2.000000000000
1364039870,380.150620000000,22.802000000000
1364040702,370.817270000000,10.117600000000
1364040702,370.817270000000,0.953900000000
1364040702,369.052840000000,0.014492530000
1364040702,368.866570000000,2.203291390000
1364040703,367.814110000000,0.710716080000
1364073797,370.492350000000,3.623024540000
1364073797,370.634420000000,0.060400000000
1364073798,370.694160000000,2.965890000000
1364073798,371.400550000000,16.564482650000
1364115838,396.820440000000,0.200000000000
1364115838,399.000000000000,1.742385930000
1364149172,399.000000000000,6.697275520000
1364149314,399.000000000000,0.060338550000
1364149366,405.000000000000,10.000000000000
1364171912,412.393670000000,2.387300000000
1364205472,427.142500000000,1.023600000000
1364205475,427.142500000000,0.001397510000
1364243163,440.399780000000,2.325600000000
1364258465,435.750860000000,2.296700000000
1364289923,444.665660000000,0.283957330000
1364312095,457.831270000000,6.757789830000
1364312095,458.965040000000,1.242210170000
1364315891,451.580680000000,0.370904660000
1364315891,451.580680000000,0.369198500000
1364315892,451.580680000000,0.259896840000
1364322563,462.253580000000,0.490133830000
1364322563,463.690370000000,2.717230730000
1364322563,463.690430000000,1.792635440000
1364324362,457.783540000000,5.000000000000
1364326350,457.310930000000,0.100411970000
1364326351,457.783480000000,0.254595010000
1364326351,457.783540000000,4.018393020000
1364342033,463.631420000000,0.076180880000
1364342035,464.281120000000,9.923819120000
1364342049,464.281120000000,0.020000000000
1364342059,464.281120000000,0.100000000000
1364359560,469.483750000000,0.501667510000
1364363736,479.424470000000,0.025287520000
1364368852,489.429310000000,4.000000000000
1364371893,487.152100000000,0.253988580000
1364371893,487.152100000000,6.901726410000
1364371894,484.413390000000,0.735178920000
1364371894,483.596610000000,4.809106090000
1364372930,500.061340000000,0.122561310000
1364374522,500.423240000000,0.066636530000
1364374522,507.836370000000,5.942975230000
1364374522,507.842310000000,1.100000000000
1364374522,507.842310000000,3.900000000000
1364374522,507.842310000000,2.000000000000
1364374522,507.901710000000,0.990388240000
1364377727,504.813020000000,0.102954790000
1364377727,515.410940000000,0.497299470000
1364377727,515.586640000000,1.152022900000
1364377727,515.682620000000,0.339952470000
1364377727,515.682680000000,14.568959090000
1364382822,503.997780000000,0.267267870000
1364385193,503.657170000000,0.134848710000
1364387109,509.030190000000,0.024902930000
1364387109,509.030250000000,0.251697070000
1364388214,503.657170000000,0.066620680000
1364494392,540.839640000000,3.000000000000
1364494531,540.839640000000,2.000000000000
1364503937,505.000000000000,2.970300000000
1364527515,532.870990000000,0.007000000000
1364527516,534.112130000000,1.869600000000
1364536552,529.218590000000,1.000000000000
1364562935,538.260360000000,0.519971540000
1364563808,527.326100000000,0.266621470000
1364564165,513.429560000000,0.136660960000
1364564165,513.429560000000,0.136651770000
1364564165,513.429560000000,0.000696490000
1364567840,521.000000000000,2.833773530000
1364594930,510.000000000000,2.549000000000
1364594930,504.050330000000,0.200000000000
1364594930,500.609710000000,0.072381610000
1364594930,496.451340000000,0.708618390000
1364671954,544.164210000000,0.711200000000
1364672090,522.312550000000,0.847581660000
1364672090,521.968960000000,2.883663930000
1364672090,521.968960000000,2.268754410000
1364827336,585.511700000000,3.000000000000
1364834092,611.326960000000,5.092100000000
1364917319,646.484550000000,2.000000000000
1364932278,644.699800000000,0.030000000000
1364933075,671.703890000000,0.028621150000
1364974674,810.000000000000,1.988000000000
1364977170,863.914210000000,0.560110800000
1364977170,867.606050000000,8.589523220000
1364980490,764.389740000000,1.354743760000
1364980490,756.044640000000,1.000000000000
1364980490,755.723050000000,1.000000000000
1364980490,754.769100000000,0.157100000000
1364980490,749.280750000000,12.482356240000
1364984396,756.538090000000,4.833751910000
1364984398,767.033020000000,0.563000000000
1364984448,767.033020000000,2.000000000000
1364984497,767.033020000000,5.000000000000
1364987992,839.056930000000,2.965928800000
1365022872,651.962220000000,6.533064830000
1365022874,651.679010000000,4.136510950000
1365047647,714.671420000000,1.000000000000
1365051422,773.929590000000,0.017745210000
1365051423,787.599390000000,0.015970690000
1365051423,788.779720000000,1.081310000000
1365051424,789.467270000000,7.643168580000
1365055362,760.846950000000,0.278452710000
1365057015,760.846930000000,2.000000000000
1365062512,767.549500000000,0.608992240000
1365076126,783.101210000000,0.251038000000
1365083948,792.623370000000,0.416417360000
1365087797,785.344390000000,0.212523230000
1365089790,775.616390000000,0.107073810000
1365101820,774.429720000000,0.079065350000
1365108570,775.156770000000,0.016053580000
1365108571,775.156770000000,0.016053580000
1365108577,775.156770000000,0.014448230000
1365131449,777.419430000000,0.011569430000
1365178301,798.352230000000,0.105301570000
1365178309,798.352230000000,0.121137240000
1365178313,798.352230000000,0.121137240000
1365178322,798.352230000000,0.096909800000
1365178330,811.631790000000,6.258163680000
1365184205,815.413390000000,0.074776390000
1365192328,808.694620000000,1.100000000000
1365192328,807.451850000000,4.800000000000
1365206192,815.205430000000,0.107684170000
1365206197,815.205430000000,0.107684170000
1365206251,815.205430000000,0.087099200000
1365206317,815.205430000000,0.070486320000
1365206730,815.205430000000,0.041556480000
1365206769,815.205430000000,0.005085510000
1365224419,832.061520000000,0.200385520000
1365224434,835.567790000000,0.328502390000
1365224434,835.941170000000,1.000000000000
1365224434,836.685680000000,0.395297080000
1365224434,836.769680000000,1.100000000000
1365224434,836.816840000000,1.100000000000
1365224434,837.134060000000,0.251200150000
1365224434,837.496910000000,0.018700000000
1365224434,837.500730000000,0.019100000000
1365224435,837.500730000000,0.018900000000
1365224435,837.500730000000,0.018600000000
1365224435,837.500730000000,0.018400000000
1365224435,837.500730000000,0.018200000000
1365224435,837.500730000000,0.018000000000
1365224435,837.500730000000,0.017800000000
1365224435,837.500730000000,0.017600000000
1365224435,837.500730000000,0.017500000000
1365224438,837.500730000000,0.017300000000
1365224439,838.130950000000,1.100000000000
1365224439,838.176700000000,0.032189280000
1365224439,839.025120000000,0.018700000000
1365224439,839.028950000000,0.019100000000
1365224439,839.028950000000,0.018900000000
1365224439,839.028950000000,0.018600000000
1365224439,839.028950000000,0.018400000000
1365224439,839.028950000000,0.018200000000
1365224439,839.028950000000,0.018000000000
1365224439,839.028950000000,0.017800000000
1365224440,839.028950000000,0.017600000000
1365224441,839.028950000000,0.017500000000
1365224441,839.028950000000,0.017300000000
1365224441,842.516090000000,5.927494130000
1365239140,830.449550000000,0.253976050000
1365239152,830.449550000000,0.233419620000
1365239162,830.449550000000,0.210077660000
1365239164,830.449550000000,0.210077660000
1365239176,830.449550000000,0.210718360000
1365239183,830.449550000000,0.189710600000
1365239193,830.449550000000,0.169055810000
1365239213,830.449550000000,0.169446590000
1365239214,830.449550000000,0.169446590000
1365239224,830.449550000000,0.135557270000
1365239234,830.449550000000,0.123594660000
1365239235,830.449550000000,0.123594660000
1365239296,830.449550000000,0.114154410000
1365239297,830.449550000000,0.114154410000
1365239298,830.449550000000,0.102738970000
1365239360,830.449550000000,0.101052580000
1365239361,830.449550000000,0.101052580000
1365239423,830.449550000000,0.089310750000
1365239425,830.449550000000,0.089310750000
1365239429,830.449550000000,0.080341270000
1365239431,830.449550000000,0.080341270000
1365239439,830.449550000000,0.072272600000
1365239443,830.449550000000,0.072272600000
1365239449,830.449550000000,0.065014260000
1365239461,830.449550000000,0.065014260000
1365239470,830.449550000000,0.058512840000
1365239471,830.449550000000,0.058512840000
1365239481,830.449550000000,0.046160130000
1365239543,830.449550000000,0.042166300000
1365239552,830.449550000000,0.037949670000
1365239556,830.449550000000,0.037949670000
1365239563,830.449550000000,0.037949670000
1365239635,830.449550000000,0.026564770000
1365239636,830.449550000000,0.026564770000
1365239648,830.449550000000,0.023908290000
1365239656,830.449550000000,0.021251820000
1365239727,830.449550000000,0.020444970000
1365239728,830.449550000000,0.020444970000
1365239738,830.449550000000,0.020436180000
1365239743,830.449550000000,0.016348060000
1365239804,830.449550000000,0.021326740000
1365239865,830.449550000000,0.023441070000
1365239927,830.449550000000,0.025765020000
1365239989,830.449550000000,0.028319360000
1365239991,830.449550000000,0.028319360000
1365239994,830.449550000000,0.028319360000
1365240056,830.449550000000,0.028282830000
1365240118,830.449550000000,0.025454550000
1365240161,830.449550000000,0.120556290000
1365240161,830.449550000000,0.120556290000
1365240169,830.449550000000,0.121459370000
1365240173,830.449550000000,0.121459370000
1365240176,830.449550000000,0.097167500000
1365240227,830.449550000000,5.368701700000
1365256988,833.593770000000,0.242290680000
1365256996,833.593770000000,0.218061610000
1365257002,833.593770000000,0.193832550000
1365257004,833.593770000000,0.172026380000
1365257006,833.593770000000,0.135446820000
1365257007,833.593770000000,0.135446820000
1365257069,833.593770000000,0.108357450000
1365257074,833.593770000000,0.108357450000
1365257084,833.593770000000,0.086685960000
1365257088,833.593770000000,0.086685960000
1365257090,833.593770000000,0.078017370000
1365257095,833.593770000000,0.069348770000
1365257099,833.593770000000,10.000000000000
1365257156,833.593770000000,0.054612160000
1365257227,833.593770000000,0.049150940000
1365257228,833.593770000000,0.049150940000
1365257239,833.593770000000,0.039320750000
1365257240,833.593770000000,0.039320750000
1365257242,833.593770000000,0.010186640000
1365323012,833.593770000000,0.030437940000
1365325288,827.673670000000,1.332983230000
1365325289,826.926310000000,3.979405890000
1365325289,825.108090000000,4.687610880000
1365326935,826.635320000000,5.454000000000
1365329509,840.000000000000,0.800000000000
1365382020,950.000000000000,5.000000000000
1365382170,950.000000000000,4.939999910000
1365402649,997.838870000000,2.000000000000
1365406078,1005.839030000000,2.500000000000
1365406148,1008.620910000000,0.026449190000
1365412051,1074.377540000000,0.010000000000
1365412070,1075.377480000000,2.990000000000
1365417692,1039.180520000000,0.010000000000
1365431963,1100.000000000000,2.855030970000
1365431966,1100.000000000000,0.114969030000
1365431966,1100.000000000000,0.012075000000
1365433760,1100.000000000000,1.000000000000
1365433760,1100.000000000000,1.000000000000
1365434368,1078.795260000000,0.376107800000
1365434369,1078.795260000000,0.376107800000
1365434369,1078.795260000000,0.010738250000
1365437550,1036.844270000000,0.200000000000
1365437550,1036.385120000000,1.800000000000
1365449725,1100.000000000000,0.010000000000
1365449743,1100.000000000000,0.016000000000
1365449808,1100.000000000000,4.558700000000
1365450329,1100.000000000000,5.415300000000
1365455096,1036.412960000000,0.691200040000
1365455096,1036.412960000000,0.387517590000
1365455278,1078.795260000000,0.376107800000
1365455278,1078.795260000000,0.376107800000
1365455278,1078.795260000000,0.279666530000
1365492840,1101.860370000000,0.051735580000
1365493091,1111.805730000000,0.060286170000
1365493091,1104.716600000000,0.000286120000
1365493308,1101.860370000000,0.057583950000
1365493378,1111.805730000000,0.041735530000
1365493677,1109.199830000000,0.000318470000
1365499693,1132.340450000000,0.011096250000
1365499889,1132.340450000000,3.527426480000
1365500509,1141.140790000000,4.000000000000
1365500681,1141.140680000000,1.199803350000
1365503550,1138.457970000000,3.549071360000
1365503687,1145.945810000000,10.000000000000
1365503687,1146.022220000000,0.500000000000
1365503687,1146.022220000000,0.250000000000
1365503687,1146.029860000000,1.005630280000
1365503687,1146.098630000000,0.010000000000
1365503687,1146.098630000000,0.100000000000
1365503687,1146.098630000000,2.485000000000
1365503687,1146.098630000000,1.000000000000
1365503687,1146.098630000000,1.006520810000
1365503687,1146.098630000000,3.642848910000
1365503705,1146.098630000000,1.377151090000
1365503705,1146.098630000000,0.010000000000
1365503705,1146.098630000000,1.147302210000
1365505548,1146.098630000000,0.054728930000
1365505778,1146.098630000000,0.004865220000
1365508186,1177.272510000000,0.086268700000
1365517927,1233.511240000000,1.000000000000
1365517929,1226.049370000000,1.258200000000
1365517929,1226.049370000000,0.401000000000
1365517929,1226.049370000000,0.322800000000
1365524080,1283.977500000000,0.238208210000
1365524345,1283.977500000000,0.010000000000
1365524793,1283.977500000000,0.071894110000
1365524801,1283.977500000000,0.071894110000
1365524937,1283.977500000000,0.071894110000
1365524962,1283.977500000000,0.071894110000
1365524991,1283.977500000000,0.071894110000
1365525133,1283.977500000000,0.057515290000
1365528146,1297.000000000000,0.661202910000
1365528147,1297.000000000000,0.172346210000
1365528328,1295.559980000000,0.606102380000
1365528402,1295.559980000000,0.351635800000
1365528402,1295.559980000000,0.269279440000
1365529602,1347.047920000000,0.845710050000
1365530418,1347.047920000000,2.154289950000
1365538535,1343.227590000000,0.062563110000
1365538622,1354.688500000000,3.400000000000
1365538622,1354.688500000000,0.038789130000
1365538622,1354.927100000000,7.526600810000
1365543334,1320.138310000000,0.750000000000
1365546816,1343.227590000000,0.028653910000
1365553034,1320.366900000000,0.010000000000
1365556603,1347.868640000000,0.010500090000
1365567957,1339.493660000000,0.019157620000
1365567963,1339.493660000000,0.019157620000
1365567987,1339.493660000000,0.019157620000
1365568526,1339.493660000000,0.705867290000
1365570555,1339.493660000000,0.020000000000
1365570575,1339.493660000000,0.020000000000
1365570714,1330.093550000000,1.000000000000
1365571124,1339.493660000000,0.665867290000
1365571343,1337.441480000000,0.040000000000
1365578289,1338.400700000000,1.000000000000
1365580050,1341.507400000000,0.937712390000
1365585880,1359.069930000000,0.049948890000
1365598169,1499.999990000000,0.150000000000
1365598182,1525.430990000000,1.000000000000
1365598487,1525.492370000000,2.107988250000
1365599637,1500.000000000000,1.293800000000
1365603775,1389.525500000000,0.994000000000
1365605946,1439.171330000000,0.040193250000
1365605961,1439.171330000000,0.025710050000
1365605966,1439.171330000000,0.018662070000
1365605982,1439.171330000000,0.018662070000
1365606118,1439.171330000000,0.050000000000
1365606920,1439.171330000000,0.846772560000
1365606920,1439.171330000000,1.000000000000
1365606920,1439.171330000000,0.232234990000
1365616224,1110.000000000000,0.010000000000
1365620585,677.788050000000,2.000000000000
1365622788,900.000000000000,2.982000000000
1365624179,731.467200000000,0.020257350000
1365624607,778.170560000000,0.041667150000
1365624637,763.764880000000,0.056598080000
1365624638,763.764880000000,0.943401920000
1365624712,808.836600000000,5.000000000000
1365624712,800.134630000000,0.096984760000
1365624854,800.134630000000,4.977759040000
1365624858,800.134630000000,4.977759040000
1365624988,808.836600000000,10.801100000000
1365624988,802.760690000000,29.198900000000
1365625111,800.469310000000,1.000000000000
1365625111,800.469310000000,1.000000000000
1365625187,873.226270000000,1.000000000000
1365625187,873.226270000000,1.000000000000
1365625188,873.226270000000,1.000000000000
1365625190,873.226270000000,1.000000000000
1365625192,873.226270000000,1.000000000000
1365625192,873.226270000000,1.000000000000
1365625196,873.226270000000,1.000000000000
1365625197,873.226270000000,1.000000000000
1365625218,873.226270000000,1.000000000000
1365625218,873.226270000000,1.000000000000
1365625218,873.226270000000,1.000000000000
1365625233,820.481060000000,1.000000000000
1365625236,820.481060000000,1.000000000000
1365625236,820.481060000000,1.000000000000
1365625433,778.170570000000,1.000000000000
1365625721,820.481060000000,0.800000000000
1365625721,808.836600000000,0.200000000000
1365626193,859.781030000000,1.000000000000
1365626193,859.781030000000,1.000000000000
1365626514,981.760290000000,1.000000000000
1365626572,948.291190000000,1.000000000000
1365627481,1067.500910000000,1.100000000000
1365627852,1100.636690000000,1.000000000000
1365627853,1100.636690000000,4.000000000000
1365627886,1115.636690000000,3.733189470000
1365627890,1115.636690000000,1.000000000000
1365627976,1115.636690000000,0.352615220000
1365627977,1115.636690000000,0.356865230000
1365627977,1115.636690000000,0.350364660000
1365628224,1115.636690000000,0.100000000000
1365628231,1115.636690000000,0.106965420000
1365628308,1115.636690000000,1.100000000000
1365628428,1162.738870000000,0.010000000000
1365628484,1039.035260000000,1.000000000000
1365628577,1136.952320000000,0.010000000000
1365628724,1149.845660000000,0.644190800000
1365628871,1110.058510000000,0.014179430000
1365628936,1110.058510000000,0.985820570000
1365629511,1072.470360000000,1.000000000000
1365629589,1092.068900000000,0.010000000000
1365629930,1030.874190000000,1.000000000000
1365630151,1025.601320000000,0.010000000000
1365630331,976.182100000000,1.000000000000
1365631010,909.243900000000,0.508878610000
1365631014,898.087540000000,0.524055950000
1365634317,859.040250000000,1.000000000000
1365634639,836.844660000000,1.000000000000
1365634639,834.847410000000,0.022161790000
1365646216,938.402630000000,1.136731640000
1365646216,938.402630000000,1.136731640000
1365646216,938.402630000000,0.726536720000
1365646259,938.402620000000,0.136731640000
1365646691,969.806270000000,2.000000000000
1365646850,969.806270000000,0.024000000000
1365664123,1025.643810000000,5.000000000000
1365666985,1010.000000000000,5.000000000000
1365667934,1013.979190000000,0.095700000000
1365669392,959.858400000000,3.450000000000
1365671522,920.000000000000,5.147800000000
1365672416,900.000000000000,5.000000000000
1365686842,700.000000000000,1.075525100000
1365687154,700.000000000000,1.000000000000
1365687241,700.000000000000,4.274980590000
1365687244,700.000000000000,0.500000000000
1365687283,700.000000000000,25.710186760000
1365687286,700.000000000000,7.439307550000
1365687717,691.665030000000,0.026025580000
1365745393,525.000000000000,1.000000000000
1365745508,500.000000000000,1.000000000000
1365746037,495.000000000000,2.000000000000
1365747044,600.000000000000,68.207668190000
1365747170,615.418850000000,3.976000000000
1365747724,550.000000000000,1.000000000000
1365747756,575.000000000000,1.000000000000
1365747761,575.000000000000,1.000000000000
1365750255,525.000000000000,2.000000000000
1365751153,525.806550000000,3.000000000000
1365751374,510.000000000000,2.000000000000
1365751380,500.000000000000,2.000000000000
1365751508,495.000000000000,2.000000000000
1365751508,490.000000000000,1.000000000000
1365751538,485.000000000000,1.000000000000
1365755440,510.000000000000,5.000000000000
1365760425,519.009690000000,1.190000000000
1365760454,505.000000000000,2.000000000000
1365760492,500.000000000000,1.000000000000
1365760712,495.000000000000,1.000000000000
1365760713,490.000000000000,2.000000000000
1365761154,480.000000000000,1.000000000000
1365762195,425.298780000000,0.478067840000
1365762229,437.162720000000,0.465480860000
1365767465,430.913720000000,3.000000000000
1365767490,420.000000000000,2.000000000000
1365767884,410.000000000000,2.000000000000
1365767884,410.000000000000,1.000000000000
1365772475,381.492950000000,0.046213800000
1365779103,416.536010000000,0.042325920000
1365803110,557.680100000000,0.453064600000
1365803111,557.917650000000,0.546935400000
1365803880,580.840590000000,1.500000000000
1365806605,600.000000000000,1.000000000000
1365808025,630.777780000000,0.500000000000
1365840780,680.140160000000,2.000000000000
1365850167,678.100840000000,1.000000000000
1365878815,625.000000000000,1.000000000000
1365884419,550.000000000000,81.545500000000
1365897680,525.000000000000,2.000000000000
1365945468,585.322530000000,0.210000000000
1365957434,575.322530000000,0.500000000000
1365979755,535.000000000000,2.000000000000
1366010130,587.163970000000,1.000000000000
1366016750,582.544420000000,0.160158790000
1366016750,582.544540000000,1.839841210000
1366018243,582.427500000000,8.354705090000
1366050285,509.135830000000,0.023026150000
1366056905,500.000000000000,4.000000000000
1366059409,494.945140000000,1.130000000000
1366061599,469.643230000000,2.984313440000
1366062201,472.139850000000,4.000000000000
1366062202,469.643230000000,1.015686560000
1366063626,422.000000000000,34.574723630000
1366063629,422.000000000000,10.000000000000
1366063631,422.000000000000,2.000000000000
1366063633,422.000000000000,0.538700000000
1366063641,422.000000000000,10.000000000000
1366063642,422.000000000000,35.000000000000
1366063649,422.000000000000,10.119368320000
1366084445,371.000000000000,3.000000000000
1366089153,368.069110000000,2.000000000000
1366093032,350.000000000000,2.000000000000
1366095887,300.000000000000,2.000000000000
1366096139,291.000000000000,5.500000000000
1366101347,339.791990000000,2.000000000000
1366101421,336.520340000000,0.669462650000
1366103849,326.329260000000,5.948010910000
1366190731,474.000000000000,4.000000000000
1366195731,483.240490000000,20.270000000000
1366202897,480.000000000000,3.000000000000
1366203058,473.017940000000,0.009319670000
1366206594,509.707160000000,0.020000000000
1366207900,540.000000000000,1.230002000000
1366208432,519.610500000000,0.020000000000
1366208498,515.077030000000,0.008018170000
1366211854,495.856480000000,17.543377270000
1366211909,517.261390000000,16.716500000000
1366219485,485.000000000000,2.735280620000
1366220998,485.000000000000,1.500000000000
1366221141,485.000000000000,31.475961960000
1366221142,485.000000000000,1.300000000000
1366221143,485.000000000000,51.615757420000
1366236586,519.125610000000,0.500001500000
1366237722,518.350030000000,0.010000000000
1366237722,518.294620000000,1.990000000000
1366301730,531.892930000000,0.035972340000
1366314682,545.000000000000,0.010000000000
1366317179,559.995890000000,0.009678670000
1366318242,540.483570000000,0.019515440000
1366318696,558.249480000000,0.018790450000
1366320082,540.000000000000,0.018687100000
1366321270,568.546280000000,0.010000000000
1366322344,580.000000000000,3.000000000000
1366327396,585.000000000000,1.250000000000
1366328188,610.512300000000,0.007125270000
1366328608,617.000000000000,0.966035080000
1366328627,617.000000000000,2.033964920000
1366340135,653.884360000000,0.010000000000
1366341871,679.338070000000,0.009574300000
1366353921,727.000000000000,0.000027510000
1366355693,725.000000000000,1.000000000000
1366355873,727.000000000000,1.000000000000
1366356143,727.000000000000,1.149972490000
1366360001,768.816820000000,6.351600000000
1366363653,677.000000000000,1.100000000000
1366372337,665.594640000000,0.010657520000
1366372337,658.248440000000,1.359380000000
1366372337,658.248440000000,0.500000000000
1366372339,658.248440000000,0.129962480000
1366374952,650.550290000000,2.800000000000
1366398481,663.504890000000,0.500000000000
1366459613,678.904700000000,0.073012660000
1366464221,674.813580000000,0.150000000000
1366470336,678.959790000000,0.021000000000
1366470341,678.959790000000,0.000375180000
1366487835,729.839410000000,4.714000000000
1366574027,673.605260000000,1.100000000000
1366629769,711.986350000000,0.267187200000
1366629846,712.135100000000,0.176100000000
1366629901,711.986360000000,0.000593140000
1366702550,723.000000000000,0.400000000000
1366710929,742.196190000000,0.931400000000
1366718965,739.675180000000,6.000000000000
1366721788,744.259940000000,0.879900000000
1366724780,750.000000000000,0.250267080000
1366728477,771.000000000000,0.100000000000
1366728501,764.852600000000,0.100000000000
1366729589,771.000000000000,0.400000000000
1366751292,807.000000000000,1.100000000000
1366751292,811.021400000000,2.090000000000
1366751292,815.477630000000,0.969532000000
1366751292,815.784980000000,1.000000000000
1366751292,816.640760000000,1.000000000000
1366751292,818.226250000000,2.365602260000
1366754871,800.000000000000,0.750000000000
1366777905,818.860160000000,0.101000000000
1366801460,897.561950000000,0.223423500000
1366801460,897.562010000000,0.776576500000
1366811970,907.000000000000,0.650000000000
1366812922,895.180600000000,2.000000000000
1366812922,894.392450000000,18.156970140000
1366815372,920.000000000000,2.000000000000
1366816976,914.830960000000,5.000000000000
1366816976,914.830950000000,0.200000000000
1366816980,914.830950000000,1.989490000000
1366816981,914.830950000000,5.410510000000
1366820657,957.320540000000,0.050000000000
1366820663,957.320550000000,0.012360040000
1366830280,840.000000000000,1.120200000000
1366869308,873.042110000000,0.500000000000
1366869332,873.042110000000,0.012600000000
1366875839,898.929460000000,0.280000000000
1366876033,898.929450000000,0.013097090000
1366876828,898.929450000000,3.000000000000
1366877052,898.929450000000,0.028300000000
1366877102,898.929450000000,2.240802910000
1366880393,901.182120000000,0.185800000000
1366883104,898.929510000000,0.499000000000
1366885861,925.210320000000,0.500000000000
1366885861,928.265240000000,0.767578470000
1366885903,928.265240000000,1.000000000000
1366885963,928.329870000000,0.481100000000
1366885965,928.265240000000,0.382421530000
1366887670,896.454440000000,2.000000000000
1366899567,870.346990000000,0.100000000000
1366921919,720.000000000000,2.500000000000
1366922156,700.000000000000,0.237764280000
1366924862,773.135960000000,0.110000000000
1366959449,758.153250000000,0.113200000000
1366959461,758.152660000000,0.000909500000
1366964595,772.209870000000,4.000000000000
1366972664,740.427950000000,0.100000000000
1366999890,760.138100000000,0.236337690000
1367006711,782.858290000000,1.049205810000
1367006711,787.979830000000,4.060294190000
1367012199,786.953730000000,2.600000000000
1367016618,771.755050000000,1.000000000000
1367062244,766.373000000000,0.990000000000
1367081136,755.000000000000,0.236500000000
1367081136,749.299760000000,4.763500000000
1367086833,756.979470000000,0.087443140000
1367086861,756.979480000000,1.912556860000
1367087088,758.408110000000,0.118700000000
1367100760,719.611170000000,1.000000000000
1367100840,718.745380000000,5.477000000000
1367150366,745.226300000000,0.013651090000
1367155605,760.000000000000,0.235081000000
1367213074,793.684200000000,0.223770950000
1367218730,794.798940000000,0.309237000000
1367218730,795.332080000000,0.083595680000
1367218730,797.024670000000,0.083595680000
1367218730,797.211500000000,0.523571640000
1367234829,800.000000000000,0.498880000000
1367234829,800.000000000000,0.036015740000
1367235574,800.000000000000,0.465104260000
1367237102,802.206910000000,0.500000000000
1367239634,820.000000000000,0.500000000000
1367244720,800.206920000000,0.021568000000
1367244721,800.000000000000,0.020000000000
1367244723,800.000000000000,0.347431150000
1367244724,800.000000000000,0.250000000000
1367244727,800.000000000000,0.160800000000
1367244728,800.000000000000,0.200200850000
1367245784,816.994480000000,1.000000000000
1367254320,800.468960000000,0.740000000000
1367254622,800.468960000000,1.000000000000
1367261395,807.259350000000,0.261000000000
1367314506,815.177530000000,0.138220000000
1367335946,800.511750000000,0.139900000000
1367398890,758.452020000000,0.000008180000
1367405126,760.675280000000,0.110000000000
1367411119,760.000000000000,3.000000000000
1367417012,735.892880000000,0.023610140000
1367418970,745.000000000000,2.000000000000
1367425866,729.337070000000,0.475089460000
1367425870,729.337070000000,7.524910540000
1367431023,720.678320000000,1.000000000000
1367433125,677.000000000000,3.000000000000
1367433599,608.000000000000,6.000000000000
1367434330,650.232600000000,0.017620600000
1367441707,681.304930000000,0.145700000000
1367503750,608.000000000000,2.000000000000
1367503890,594.000000000000,2.000000000000
1367503891,592.667000000000,3.000000000000
1367504072,587.000000000000,1.100000000000
1367511685,546.431600000000,0.181100000000
1367520666,604.750380000000,0.003257540000
1367565281,542.480130000000,16.446500000000
1367565281,542.509900000000,1.553500000000
1367566840,523.280930000000,1.186700000000
1367569314,484.978000000000,0.011928000000
1367569319,498.246980000000,0.011540680000
1367571763,496.487550000000,0.420000000000
1367572338,505.778570000000,0.796320000000
1367572340,505.778570000000,0.003680000000
1367582908,476.810770000000,0.844699040000
1367583402,478.343190000000,1.600000000000
1367615692,544.421670000000,1.763772240000
1367615692,544.421720000000,2.827727760000
1367686010,627.122240000000,0.795000000000
1367896706,585.173820000000,0.009940000000
1368021873,650.675140000000,1.932600000000
1368021873,650.682780000000,2.467400000000
1368042521,656.946690000000,4.474000000000
1368093415,648.411880000000,0.873256670000
1368200414,683.524770000000,0.010000000000
1368201448,690.625610000000,0.282592770000
1368201449,692.169200000000,3.717407230000
1368348429,682.347950000000,0.243635000000
1368453016,686.036300000000,0.649797400000
1368453016,686.036320000000,1.453602600000
1368564239,643.501250000000,0.627878040000
1368564239,639.901660000000,1.000000000000
1368564239,639.901660000000,5.000000000000
1368564240,639.143590000000,0.089070000000
1368564240,638.057520000000,0.089070000000
1368564240,637.938470000000,0.986460840000
1368564240,637.872880000000,1.006846020000
1368564240,637.482670000000,1.000000000000
1368564240,637.482670000000,0.964700000000
1368564240,637.482670000000,1.774883240000
1368564240,637.356600000000,7.461091860000
1368569682,672.812550000000,1.990000000000
1368569683,673.990340000000,0.010000000000
1368702672,644.477210000000,0.800000000000
1368704148,664.893510000000,0.770782490000
1368704992,644.449570000000,0.780956500000
1368714217,660.000000000000,2.856455960000
1368771225,664.377670000000,0.542000000000
1368771236,664.377670000000,0.542000000000
1368771268,664.377670000000,0.458579800000
1368782712,687.575200000000,0.008408860000
1368786379,691.832170000000,1.200000000000
1368786499,691.832170000000,0.191910170000
1368823154,716.487690000000,0.010000000000
1368823431,716.487690000000,0.010000000000
1368823569,716.487690000000,0.010000000000
1368823612,716.487690000000,0.010000000000
1368823764,716.487690000000,0.005463990000
1368823764,717.391210000000,0.004536010000
1368868163,718.922330000000,1.950000000000
1369118985,691.688010000000,0.140113050000
1369221047,713.484230000000,2.000000000000
1369233156,718.067650000000,0.002980930000
1369238398,719.595450000000,1.805057440000
1369238399,719.595450000000,0.010000000000
1369238509,719.728420000000,0.604600000000
1369312749,724.074820000000,1.500000000000
1369312750,724.074820000000,1.000000000000
1369312750,724.861390000000,0.010095690000
1369312750,724.967630000000,0.095804190000
1369312750,725.173380000000,0.097000000000
1369312750,725.784560000000,3.297100120000
1369339380,733.263200000000,0.853736260000
1369339380,733.263960000000,1.000000000000
1369339380,733.271530000000,1.146263740000
1369464420,745.214580000000,0.051000000000
1369464421,744.079740000000,0.010000000000
1369464421,744.076430000000,0.010000000000
1369464421,743.824470000000,0.010000000000
1369464421,743.813340000000,0.010000000000
1369464421,743.561490000000,0.010000000000
1369464421,743.561440000000,0.010000000000
1369464421,743.544300000000,0.010000000000
1369464421,743.267270000000,0.010000000000
1369464422,743.219890000000,0.010000000000
1369464422,743.115190000000,0.100000000000
1369464422,742.987100000000,0.010000000000
1369464422,742.987100000000,0.010000000000
1369464422,742.987040000000,0.010000000000
1369464422,742.734920000000,0.010000000000
1369464422,742.715980000000,0.010000000000
1369464422,742.594860000000,0.010000000000
1369464422,742.585360000000,0.010000000000
1369464422,742.585360000000,0.010000000000
1369464422,742.123090000000,0.010000000000
1369464422,742.123090000000,0.010000000000
1369464422,741.878720000000,0.247761660000
1369485609,734.335530000000,0.000786660000
1369485615,734.335520000000,0.999213340000
1369488262,731.705710000000,0.010000000000
1369495629,767.001170000000,0.566747930000
1369541161,772.725060000000,0.124666630000
1369541494,772.725060000000,0.940000000000
1369668303,754.559120000000,0.010000000000
1369668342,754.559120000000,0.010000000000
1369668386,784.807520000000,0.028381220000
1369679682,780.309470000000,5.132305740000
1369679708,780.309480000000,3.783600000000
1369679711,780.309480000000,0.096002040000
1369680048,781.226590000000,0.436000000000
1369680075,781.226600000000,6.800307010000
1369714542,731.256370000000,0.610000000000
1369817063,764.314990000000,0.865681570000
1369817138,764.314990000000,0.157000000000
1369817212,764.314990000000,0.086037350000
1369817223,764.314990000000,0.015000000000
1369817228,764.314990000000,0.000006600000
1369817238,764.314990000000,1.000000000000
1369817247,764.314990000000,0.040400000000
1369817248,764.314990000000,0.280000000000
1369817248,764.314990000000,0.010000000000
1369817249,764.314990000000,0.076696280000
1369817334,764.314990000000,4.719840650000
1369869686,738.978330000000,1.000000000000
1369908492,748.769660000000,9.372601000000
1369916637,738.931780000000,0.020000000000
1369999472,759.690370000000,0.450000000000
1370019873,726.683100000000,0.010000000000
1370039300,756.325200000000,2.500000000000
1370194812,705.686080000000,0.240991820000
1370194812,705.686080000000,4.059482320000
1370605329,650.000000000000,0.113228520000
1370756900,600.000000000000,5.000000000000
1370770796,534.847700000000,0.174043320000
1370770820,556.162760000000,0.166368830000
1370792258,539.490000000000,0.001729580000
1371054754,633.762010000000,3.685600000000
1371066900,603.875610000000,0.215590520000
1371185067,543.604650000000,0.250000000000
1371185067,543.604650000000,0.030000000000
1371191675,591.319180000000,0.040000000000
1371191675,591.319240000000,1.000000000000
1371191676,592.027180000000,0.010000000000
1371191676,593.443750000000,0.041991390000
1371191676,594.017960000000,0.041991390000
1371191676,594.547380000000,2.344540940000
1371191676,594.547380000000,1.471781570000
1371381673,574.081810000000,0.350000000000
1371541889,566.770500000000,0.001213640000
1371542095,590.961230000000,0.001156970000
1371542138,575.803900000000,0.001150030000
1371547861,594.259500000000,0.951609730000
1371547861,596.151130000000,2.499490270000
1371549281,601.310010000000,0.036442430000
1371562448,594.050560000000,0.010000000000
1371562448,593.395840000000,0.010000000000
1371562448,593.040220000000,0.072223780000
1371586505,593.040220000000,0.100000000000
1371628672,615.631270000000,0.019943640000
1371628687,615.631270000000,0.025000000000
1371628688,615.631270000000,0.017949280000
1371628845,618.641690000000,1.215414710000
1371628846,618.928220000000,0.850000000000
1371628846,618.985390000000,0.010000000000
1371628847,619.000000000000,0.994085290000
1371635899,625.249440000000,1.000000000000
1371635899,625.441780000000,0.501800000000
1371677974,609.609430000000,6.500000000000
1371727471,612.847060000000,0.034729990000
1371734010,612.847060000000,14.430542960000
1371936089,618.085250000000,1.715000000000
1371936225,620.994480000000,0.200000000000
1371938768,618.085260000000,0.155000000000
1371980901,617.650650000000,0.100000000000
1371981067,617.650650000000,2.900000000000
1372023240,614.951960000000,2.607700000000
1372023240,619.217060000000,1.392300000000
1372028336,619.158490000000,2.000000000000
1372076397,580.990000000000,0.093200000000
1372076466,579.206650000000,0.000396360000
1372424001,580.415330000000,1.000000000000
1372424001,580.526810000000,1.000000000000
1372424001,580.532550000000,2.275362310000
1372424001,580.532610000000,1.724637690000
1372424038,580.532610000000,0.684000000000
1372590557,533.748490000000,0.172194140000
1372590558,532.558430000000,1.370855980000
1372590590,558.089420000000,1.464700000000
1372858450,500.000000000000,5.000000000000
1372863467,480.848570000000,1.559103960000
1372889035,468.196680000000,0.500000000000
1372890218,460.196680000000,0.500000000000
1372890356,455.196680000000,0.500000000000
1372918509,412.251950000000,0.000355590000
1372918509,410.010990000000,1.506644410000
1372918554,423.603970000000,0.266040000000
1372918554,428.297700000000,0.074200000000
1372918554,429.827100000000,0.074200000000
1372918555,431.672410000000,1.064550000000
1372918555,433.718080000000,0.073070960000
1372979677,468.970770000000,0.428700000000
1373178993,393.000000000000,0.284687050000
1373179983,393.000000000000,0.215312950000
1373192719,400.000000000000,0.500000000000
1373210924,410.983810000000,0.051477590000
1373217636,404.621610000000,0.666173240000
1373217724,424.176070000000,0.010210000000
1373217725,424.183800000000,0.030000000000
1373217725,424.337010000000,0.888890000000
1373217759,424.043240000000,0.631554760000
1373410112,456.962120000000,2.000000000000
1373431909,438.000000000000,0.050000000000
1373432097,438.000000000000,0.049750000000
1373432469,434.034560000000,0.090000000000
1373432532,434.041980000000,0.090000000000
1373432585,434.049260000000,0.200000000000
1373432619,436.606830000000,0.050000000000
1373432637,434.034560000000,0.050000000000
1373432691,438.000000000000,0.000250000000
1373432691,443.000000000000,0.100000000000
1373433500,445.952640000000,0.050000000000
1373444799,448.000000000000,0.100000000000
1373455582,453.000000000000,0.100000000000
1373480667,458.000000000000,0.100000000000
1373484271,462.000000000000,0.100000000000
1373484490,467.000000000000,0.100000000000
1373484545,472.000000000000,0.100000000000
1373484594,475.000000000000,0.100000000000
1373488684,479.903960000000,0.226400720000
1373492963,505.548220000000,1.470000000000
1373493203,509.475020000000,0.006585320000
1373504288,514.548220000000,0.200000000000
1373505390,515.548220000000,0.200000000000
1373505927,518.548220000000,0.070000000000
1373505932,518.548220000000,0.009512260000
1373593864,518.548220000000,0.120487740000
1373593971,520.548220000000,0.200000000000
1373594162,524.548220000000,0.200000000000
1373594243,528.548220000000,0.200000000000
1373595014,532.548220000000,0.200000000000
1373605409,537.548220000000,0.091821060000
1373605546,555.000000000000,0.173449240000
1373751401,547.871090000000,1.500000000000
1373879932,560.985430000000,0.020000000000
1373892703,566.985430000000,0.020000000000
1373995770,558.036500000000,0.113259930000
1374103228,570.985430000000,0.020000000000
1374103228,574.503760000000,0.344582670000
1374103228,574.517310000000,0.163033920000
1374103228,574.521720000000,2.237395200000
1374142140,524.795130000000,2.380000000000
1374441671,521.307970000000,2.100000000000
1374502710,517.000000000000,0.020000000000
1374510546,519.000000000000,0.020000000000
1374537454,522.000000000000,0.020000000000
1374539157,524.000000000000,0.020000000000
1374568438,527.000000000000,0.020000000000
1374568439,529.000000000000,0.020000000000
1374571806,532.000000000000,0.020000000000
1374578007,524.000000000000,0.020000000000
1374578007,527.000000000000,0.020000000000
1374578008,529.000000000000,0.020000000000
1374587195,532.000000000000,0.020000000000
1374587363,534.000000000000,0.020000000000
1374587622,535.000000000000,0.020000000000
1374589049,538.000000000000,0.020000000000
1374742860,525.000000000000,0.020000000000
1374742860,528.000000000000,0.020000000000
1374742860,531.000000000000,0.020000000000
1374743861,535.000000000000,0.011790820000
1374868314,548.662310000000,0.275754380000
1375041122,540.000000000000,0.010000000000
1375041515,543.000000000000,0.010000000000
1375043411,545.000000000000,0.010000000000
1375077181,545.000000000000,0.003684110000
1375077458,545.000000000000,0.006315890000
1375080006,551.000000000000,0.010000000000
1375080374,550.000000000000,0.010000000000
1375089832,555.000000000000,0.010000000000
1375114325,569.424000000000,0.000500000000
1375114326,572.385290000000,2.099500000000
1375121200,552.989080000000,0.899896600000
1375121201,552.989030000000,1.185541680000
1375182336,565.000000000000,0.010000000000
1375191333,567.000000000000,0.010000000000
1375191334,569.000000000000,0.010000000000
1375192734,571.000000000000,0.010000000000
1375192738,575.000000000000,0.010000000000
1375193283,561.564100000000,14.000000000000
1375205120,565.327270000000,5.848345710000
1375205121,565.326760000000,5.171654290000
1375206956,583.352200000000,0.257860220000
1375207622,583.352200000000,2.000000000000
1375207654,583.352200000000,0.120000000000
1375207667,583.352200000000,0.001748860000
1375207915,583.352200000000,1.988000000000
1375208099,583.352200000000,4.041950740000
1375208376,583.352200000000,0.293410000000
1375208722,583.352200000000,4.600000000000
1375208865,583.352200000000,0.098930180000
1375228380,590.000000000000,0.010000000000
1375228843,592.000000000000,0.010000000000
1375243031,596.000000000000,0.010000000000
1375243038,599.100000000000,6.114732450000
1375243040,600.000000000000,0.010000000000
1375350078,583.000000000000,0.010000000000
1375350847,586.000000000000,0.010000000000
1375354828,589.000000000000,0.010000000000
1375357883,592.000000000000,0.010000000000
1375386581,580.000000000000,0.108300000000
1375422358,596.000000000000,0.010000000000
1375439929,609.552710000000,1.880100000000
1375532223,592.609230000000,0.210000000000
1375640667,580.000000000000,0.010000000000
1375650999,585.000000000000,0.010000000000
1375709525,600.000000000000,4.000000000000
1375709563,602.000000000000,0.010000000000
1375733192,590.000000000000,0.010000000000
1375741193,595.000000000000,0.010000000000
1375755923,601.000000000000,0.010000000000
1375755924,604.000000000000,0.010000000000
1375755924,615.337370000000,1.717157370000
1375858310,598.000000000000,0.010000000000
1376146016,572.000000000000,0.010000000000
1376159974,575.000000000000,0.010000000000
1376286066,575.000000000000,0.010000000000
1376286066,577.000000000000,0.010000000000
1376295575,579.000000000000,0.010000000000
1376299872,581.000000000000,0.010000000000
1376343141,585.000000000000,0.010000000000
1376353805,589.000000000000,0.010000000000
1376417582,594.000000000000,0.107650200000
1376420507,595.000000000000,0.019898400000
1376420508,595.000000000000,0.400840000000
1376420510,595.000000000000,1.000000000000
1376420512,595.000000000000,1.000000000000
1376420513,595.000000000000,1.000000000000
1376420515,595.000000000000,0.379261600000
1376420515,595.000000000000,0.010000000000
1376430570,595.000000000000,0.010000000000
1376436920,598.000000000000,0.010000000000
1376447945,602.000000000000,0.010000000000
1376447948,605.000000000000,0.010000000000
1376448016,606.000000000000,0.010000000000
1376448173,610.000000000000,0.010000000000
1376450908,612.000000000000,0.010000000000
1376459245,616.000000000000,0.010000000000
1376459369,619.000000000000,0.010000000000
1376496980,629.000000000000,0.010000000000
1376662353,617.000000000000,0.103893730000
1376665997,617.000000000000,0.051190120000
1376752957,611.991350000000,0.010000000000
1376787057,625.000000000000,0.010000000000
1376881255,628.000000000000,0.010000000000
1376881838,635.000000000000,0.010000000000
1376881908,642.000000000000,0.010000000000
1376890386,650.000000000000,0.010000000000
1376895256,658.000000000000,0.010000000000
1376898469,663.000000000000,0.010000000000
1376898667,669.000000000000,0.002147510000
1376916835,666.089970000000,1.868244840000
1376916835,671.654170000000,0.011928000000
1376916835,671.870710000000,0.011838000000
1376916835,671.870710000000,0.011548000000
1376916835,671.870710000000,0.011265000000
1376916835,671.870710000000,0.010463000000
1376916835,672.025600000000,0.004747170000
1376916835,672.918840000000,0.049596420000
1376916893,648.969120000000,1.592032910000
1376916893,648.374740000000,0.010000000000
1376916893,648.369290000000,0.365719730000
1376943450,671.100440000000,4.000000000000
1377043492,675.000000000000,0.010000000000
1377101253,678.300000000000,15.000000000000
1377101255,679.000000000000,0.010000000000
1377202378,677.461890000000,4.083048860000
1377573042,677.461890000000,5.916951140000
1377573049,680.462050000000,10.000000000000
1377573123,681.000000000000,0.010000000000
1377573569,686.000000000000,0.010000000000
1377577874,692.000000000000,0.010000000000
1377577880,696.000000000000,0.010000000000
1377577886,701.000000000000,0.010000000000
1377581047,704.000000000000,0.010000000000
1377581069,709.000000000000,0.010000000000
1377581334,714.000000000000,0.010000000000
1377581345,718.000000000000,0.010000000000
1377581512,722.000000000000,0.002298210000
1377592925,707.783690000000,3.710641000000
1377592925,707.565830000000,1.355876270000
1377592925,707.021170000000,5.000000000000
1377592925,706.540510000000,0.933482730000
1377593195,704.329150000000,4.891980100000
1377593195,703.757310000000,3.108019900000
1377593252,703.765430000000,8.492000000000
1377593252,703.765430000000,2.508000000000
1377604450,702.063700000000,0.779773870000
1377611983,715.000000000000,0.002183430000
1377616252,724.000000000000,0.010000000000
1377616252,726.886690000000,0.738665630000
1377616807,726.886690000000,1.395300000000
1377617029,726.886690000000,0.010000000000
1377875125,731.000000000000,0.010000000000
1377875129,734.000000000000,0.010000000000
1377875134,738.000000000000,0.010000000000
1377927878,762.000000000000,0.010000000000
1377928105,769.000000000000,0.001629980000
1377956379,816.005830000000,3.500000000000
1377994388,784.932300000000,1.000315170000
1377994388,782.182980000000,1.199584830000
1378015364,791.805670000000,4.273554820000
1378015392,790.788580000000,0.903638790000
1378015489,790.788580000000,1.000000000000
1378015497,790.788580000000,2.862506390000
1378042658,802.602270000000,1.330000000000
1378059236,801.703740000000,6.281170090000
1378059236,801.703740000000,3.695419200000
1378059314,801.703240000000,1.416410710000
1378092556,793.798240000000,7.791045000000
1378092556,791.806390000000,4.508855000000
1378186968,830.052450000000,0.010000000000
1378191034,794.851290000000,4.573800000000
1378191251,794.851290000000,21.746160000000
1378191257,794.851290000000,2.063100000000
1378191829,794.851290000000,6.345480000000
1378230607,820.000000000000,0.103346180000
1378231682,820.000000000000,0.170000000000
1378231697,820.000000000000,4.726653820000
1378314450,821.702210000000,0.116900000000
1378344621,730.400000000000,20.000000000000
1378376057,736.589850000000,0.059153310000
1378636861,724.797140000000,6.000000000000
1378938911,800.000000000000,2.157390000000
1378998036,771.338730000000,1.000000000000
1379073958,771.945820000000,3.479000000000
1379367716,787.380880000000,0.500000000000
1379514172,787.794850000000,0.002294130000
1379535257,794.937520000000,1.200000000000
1379667214,751.587610000000,1.000000000000
1379667357,751.587610000000,0.010000000000
1379951153,717.307790000000,0.010571080000
1380116019,732.901880000000,0.950000000000
1380448783,770.434000000000,1.000000000000
1380555633,757.907250000000,2.742376860000
1380735169,684.186250000000,10.000000000000
1380735398,680.000000000000,1.091691170000
1380738441,660.050700000000,1.126900000000
1380738727,642.412720000000,0.046000000000
1380752745,672.172970000000,0.094960000000
1380754409,675.479640000000,0.093928170000
1380927225,763.632730000000,0.105000000000
1380927225,763.632810000000,0.466800000000
1380927225,766.913110000000,0.990000000000
1380927225,767.568400000000,11.224500000000
1380927225,767.573980000000,28.468300000000
1380927225,767.583080000000,17.385500000000
1380927225,767.586990000000,13.054532640000
1380966877,725.055570000000,1.528523600000
1381061264,729.856290000000,0.010000000000
1381160737,760.806350000000,0.218200000000
1381264650,756.069190000000,1.457000000000
1381293337,737.659170000000,1.000000000000
1381344192,773.224300000000,0.478891810000
1381344193,776.109350000000,1.315557150000
1381344193,779.185980000000,0.215584520000
1381344193,779.556530000000,1.549679250000
1381476613,783.331420000000,3.829800000000
1381476633,782.938620000000,0.226700000000
1381859487,834.781440000000,0.676171640000
1381859487,834.781340000000,0.314594380000
1382223629,966.256920000000,0.988022360000
1382223802,964.311380000000,5.026708680000
1382224414,959.571510000000,1.316994990000
1382224555,958.560990000000,4.391278780000
1382224556,958.560990000000,0.628200000000
1382224576,958.560990000000,0.002630920000
1382224587,958.560990000000,0.010730000000
1382224616,957.178560000000,3.416091850000
1382224616,957.178460000000,0.732803630000
1382429455,1121.965450000000,0.038000000000
1382429455,1129.028720000000,0.690395130000
1382514716,1099.046720000000,1.200000000000
1382601653,960.000000000000,1.777019040000
1382601703,960.000000000000,12.000000000000
1382601711,960.000000000000,1.610178070000
1382673344,1047.464630000000,0.610187430000
1382673344,1042.319690000000,0.010000000000
1382673344,1042.319610000000,0.010000000000
1382673344,1041.985360000000,0.093837330000
1382697385,1022.863860000000,1.677200000000
1383096987,1131.081330000000,0.389900000000
1383098571,1166.620910000000,0.375754070000
1383244610,1128.401650000000,6.364774270000
1383337728,1177.150900000000,1.761349450000
1383337729,1177.355800000000,4.302484920000
1383512682,1200.000000000000,1.000000000000
1383716591,1450.000000000000,1.500000000000
1383890459,1800.000000000000,2.809880440000
1383956156,1923.328670000000,0.073000000000
1383957775,1963.765610000000,1.754309170000
1383958995,2000.000000000000,1.113478800000
1383960727,1995.454670000000,0.050000000000
1383960820,1990.941980000000,0.100000000000
1383960886,1990.941980000000,0.004153350000
1383986938,1977.669300000000,0.009000000000
1383993293,2041.396430000000,0.015000000000
1383993293,2041.220360000000,0.014000000000
1383993294,2041.168400000000,4.195752570000
1384178988,2022.093570000000,0.700000000000
1384178988,2025.325470000000,0.263000000000
1384178988,2025.325470000000,1.487000000000
1384252244,2118.224250000000,0.572499550000
1384252818,2180.255240000000,0.540000000000
1384252876,2118.789260000000,0.536760000000
1384253078,2181.966460000000,0.530955060000
1384253273,2118.789320000000,0.071269700000
1384253273,2118.789260000000,0.456499630000
1384253635,2158.589220000000,0.086950030000
1384253635,2178.843530000000,0.422449970000
1384279147,2075.326980000000,0.258068010000
1384279148,2075.326980000000,0.281509410000
1384279159,2075.326980000000,0.460422580000
1384329122,2109.916620000000,0.010290000000
1384348009,2227.037800000000,0.070000000000
1384356281,2300.040000000000,0.069588000000
1384358173,2323.912800000000,0.070000000000
1384364896,2275.784720000000,0.098200000000
1384364896,2275.188900000000,2.337100000000
1384376027,2401.000000000000,0.069580410000
1384378141,2400.311820000000,0.132000000000
1384416937,2382.028510000000,0.099900000000
1384472467,2422.818550000000,0.098000000000
1384517855,2529.611100000000,0.009999990000
1384517855,2530.549490000000,0.030000010000
1384565703,2474.792310000000,0.091499980000
1384565703,2486.026080000000,0.098499990000
1384565703,2491.976290000000,0.113126930000
1384605397,2637.541700000000,0.098200000000
1384605397,2640.676260000000,1.987100000000
1384713333,2842.141780000000,0.107400000000
1384728551,2876.150370000000,3.000000000000
1384766514,3200.000000000000,1.048359370000
1384773192,3402.145150000000,0.069700000000
1384776440,3227.381910000000,0.701378810000
1384776441,3207.423990000000,0.556339290000
1384797669,3564.167440000000,2.072788200000
1384808673,3565.670240000000,0.250000000000
1384808673,3563.667100000000,0.283248550000
1384810165,4122.843770000000,0.094510840000
1384810165,4122.843770000000,0.676956370000
1384810165,4156.771530000000,0.005054620000
1384810165,4164.002550000000,1.011221190000
1384844771,4360.635660000000,1.143000000000
1384852916,4258.404640000000,0.650000000000
1384863524,3472.358020000000,0.136300000000
1384864766,3000.000000000000,0.023700000000
1384864783,3000.000000000000,0.476300000000
1384879593,4000.000000000000,1.202567830000
1384879594,4000.000000000000,0.050000000000
1384879613,4000.000000000000,1.747432170000
1384882932,3884.072030000000,0.051749990000
1384882932,3875.902660000000,0.407250010000
1384908571,3387.007030000000,0.071900000000
1384909002,3298.082760000000,1.920000000000
1384937603,2829.364090000000,3.538354450000
1384944558,2746.116730000000,0.103276040000
1384944567,2746.116730000000,0.059880920000
1384944583,2746.116730000000,2.186843040000
1384946410,2583.997330000000,0.030000000000
1384947417,2637.512060000000,0.220965850000
1384969265,3325.418260000000,2.370000000000
1384969805,3325.418260000000,0.003819990000
1385022932,3620.514620000000,0.010000000000
1385024075,3815.092030000000,2.608384060000
1385043293,3795.054930000000,1.037000000000
1385052110,4135.776580000000,0.010000000000
1385059290,4036.000000000000,1.000000000000
1385074558,4144.125650000000,0.645200000000
1385074558,4131.984440000000,0.054999990000
1385074558,4128.086120000000,0.050000000000
1385074559,4120.823740000000,1.842533770000
1385075617,4200.035210000000,0.200000000000
1385080559,4100.915460000000,0.022000000000
1385080559,4099.807650000000,0.188927540000
1385080560,4099.780700000000,0.329072460000
1385081697,4181.986340000000,0.539911190000
1385115716,4125.426580000000,0.091315960000
1385115717,4108.107630000000,0.009999990000
1385115717,4094.379090000000,0.127500000000
1385115717,4088.977640000000,0.301184050000
1385123047,4270.843620000000,0.100000000000
1385123047,4291.843670000000,0.403382340000
1385123221,4111.488090000000,0.517995170000
1385161272,4400.267510000000,0.200000000000
1385162900,4388.527710000000,0.284900000000
1385186720,4500.000000000000,0.010000000000
1385186720,4500.267510000000,0.400000000000
1385190400,4678.703330000000,2.273281330000
1385200447,4755.077530000000,0.704500000000
1385251586,4600.000000000000,0.223993530000
1385258325,4300.000000000000,1.046500000000
1385278709,4370.000000000000,0.994100000000
1385382860,4467.855380000000,1.819718600000
1385461927,4649.498010000000,0.365272710000
1385468885,4831.616300000000,0.471417810000
1385494239,5000.000000000000,0.010000000000
1385494239,5000.000000000000,0.200000000000
1385494870,4981.468610000000,0.011070130000
1385494870,4965.685350000000,0.010000000000
1385494870,4965.685350000000,0.118929870000
1385552594,5427.158880000000,0.232715610000
1385582578,5588.231710000000,0.010051470000
1385655630,6423.133800000000,0.103639080000
1385655630,6422.603940000000,0.696360920000
1385657326,6294.069020000000,1.000000000000
1385657590,6450.000000000000,1.883540960000
1385657602,6450.000000000000,2.616459040000
1385667801,6156.369650000000,0.065357730000
1385672430,6229.816860000000,0.137800000000
1385683955,5917.522010000000,0.010000000000
1385686766,5969.321270000000,0.179150250000
1385686766,5942.553060000000,0.254472620000
1385686766,5942.553010000000,0.566377130000
1385713510,6076.030240000000,3.100000000000
1385725074,6355.320760000000,0.105486320000
1385725074,6355.320710000000,2.867556710000
1385725074,6355.319530000000,1.819351030000
1385725227,6355.492080000000,0.338023280000
1385725227,6355.433240000000,0.010408250000
1385725227,6355.433190000000,2.073917980000
1385725227,6355.324880000000,0.000031640000
1385725227,6355.319530000000,0.577618850000
1385725264,6355.492130000000,1.000000000000
1385725375,6355.609700000000,0.100000000000
1385725375,6355.551070000000,0.010000000000
1385725375,6355.551020000000,0.106363630000
1385725375,6355.502620000000,0.100000000000
1385725375,6355.492130000000,1.001642130000
1385725503,6646.619510000000,1.260278980000
1385729812,6258.477380000000,0.010000000000
1385734507,6440.258550000000,1.257121380000
1385748121,6300.000000000000,3.484414860000
1385748160,6300.000000000000,0.500000000000
1385758849,6300.000000000000,0.985585140000
1385801348,6405.038300000000,0.646100000000
1385832741,6537.440650000000,0.012981420000
1385832742,6537.440600000000,0.287018580000
1385833676,6537.195740000000,0.799000000000
1385943251,5414.174130000000,0.943679870000
1385970083,6200.000000000000,0.020872370000
1386003441,5600.000000000000,0.970000000000
1386008882,5836.119170000000,0.009999990000
1386008882,5836.119220000000,0.000892600000
1386014378,5982.162520000000,0.009999990000
1386014378,5982.162750000000,2.990000010000
1386067022,6200.000000000000,0.009127630000
1386092891,6108.280150000000,0.024000000000
1386092891,6105.229920000000,0.093719490000
1386107701,6158.488840000000,0.089000000000
1386109337,6358.435420000000,0.010000000000
1386109702,6384.656330000000,0.075373280000
1386114836,6400.000000000000,0.028906250000
1386114836,6422.887800000000,0.101041760000
1386115013,6214.887000000000,0.097244730000
1386115510,6500.000000000000,0.028461540000
1386115510,6501.513000000000,0.033299500000
1386115510,6506.735510000000,0.038238960000
1386115645,6201.226370000000,0.150000000000
1386115646,6201.226370000000,0.170000000000
1386115646,6200.154480000000,0.880000000000
1386115789,6200.154480000000,0.099000000000
1386117289,6194.334720000000,0.010000000000
1386139120,6180.029970000000,0.060048760000
1386148736,6324.501070000000,0.032372880000
1386148737,6324.501070000000,0.450000000000
1386148737,6324.500590000000,0.014929310000
1386148737,6324.500540000000,0.002697810000
1386149037,6503.200870000000,0.015771430000
1386149263,6503.200870000000,0.020000000000
1386149390,6505.615770000000,0.010000000000
1386173757,6335.220030000000,0.038000000000
1386175449,6383.457750000000,1.000000000000
1386175870,6554.143950000000,0.281387250000
1386175870,6563.388160000000,0.685759290000
1386236832,5996.551890000000,0.360000000000
1386236920,6021.867220000000,0.036500000000
1386237545,5400.000000000000,1.260278980000
1386237603,5400.000000000000,3.739721020000
1386238537,5084.513530000000,0.033419910000
1386238537,5175.260590000000,1.274283560000
1386260377,5750.000000000000,5.230000000000
1386345145,5400.000000000000,5.000000000000
1386362275,5202.760960000000,3.030332690000
1386367838,5264.631630000000,0.100000000000
1386367839,5306.422400000000,0.035429130000
1386368258,5275.000000000000,0.610000000000
1386397940,3857.365850000000,2.364682910000
1386405790,3857.365850000000,0.480000000000
1386405791,3857.365850000000,0.092064800000
1386405803,3857.365850000000,0.120969520000
1386405814,3857.365850000000,1.381929000000
1386405825,3857.365850000000,0.275531490000
1386419976,4117.781660000000,0.013000000000
1386420011,4117.781660000000,0.000696490000
1386498263,4314.534240000000,0.620418550000
1386498263,4326.244360000000,0.280000000000
1386498264,4345.641900000000,3.673554520000
1386531866,4082.900000000000,0.030000000000
1386578404,5000.000000000000,0.726072700000
1386578547,5000.000000000000,3.243927300000
1386583217,4949.800980000000,0.082076170000
1386583217,4949.073170000000,0.917923830000
1386608625,5143.932250000000,0.010000000000
1386608626,5143.937850000000,0.490000000000
1386683044,5086.602460000000,0.061000690000
1386692128,5051.100000000000,0.029000000000
1386698661,5150.000000000000,1.000000000000
1388078425,4196.009320000000,1.000000000000
1388078878,4191.381780000000,0.706673550000
1388078878,4191.381780000000,0.293326450000
1386764953,4924.387580000000,0.794384890000
1386778805,5119.270290000000,0.624457330000
1386778805,5179.049350000000,0.082981460000
1386778806,5191.556720000000,1.017295610000
1386778806,5194.126630000000,0.172824610000
1388154896,4281.804990000000,1.988000000000
1386863874,4758.313890000000,1.000000000000
1388231538,4349.421700000000,0.054900000000
1388231672,4372.239830000000,0.010000000000
1386979664,4967.961120000000,3.012150690000
1387000174,5162.072090000000,0.040000000000
1387001783,5145.835460000000,0.010000000000
1387085623,4700.000000000000,7.000000000000
1387105410,4840.948210000000,0.859903650000
1387200088,4600.000000000000,0.300000000000
1387200089,4600.000000000000,0.300000000000
1387200092,4600.000000000000,0.300000000000
1387200095,4600.000000000000,0.300000000000
1387200097,4600.000000000000,0.300000000000
1387200098,4600.000000000000,0.300000000000
1387200102,4600.000000000000,0.300000000000
1387200105,4600.000000000000,0.300000000000
1387200108,4600.000000000000,0.300000000000
1387200109,4600.000000000000,0.300000000000
1387200111,4600.000000000000,0.300000000000
1387200115,4600.000000000000,0.300000000000
1387200116,4600.000000000000,0.300000000000
1387200117,4600.000000000000,1.000000000000
1387200118,4600.000000000000,0.100000000000
1387200270,4550.000000000000,0.100000000000
1387200280,4550.000000000000,0.100000000000
1387200311,4550.000000000000,0.800000000000
1387200564,4506.000000000000,2.000000000000
1387200565,4500.000000000000,1.000000000000
1387215613,4400.000000000000,1.000000000000
1387217998,4300.000000000000,0.500000000000
1387218001,4300.000000000000,2.676874310000
1387218002,4300.000000000000,1.000000000000
1387218008,4300.000000000000,0.823125690000
1387222564,4050.000000000000,2.943780000000
1387222569,4050.000000000000,0.164127580000
1387222589,4050.000000000000,1.800000000000
1387222597,4050.000000000000,10.092092420000
1387223180,4015.004440000000,1.000000000000
1387223668,4139.423930000000,1.200000000000
1387223668,4139.423930000000,4.792800000000
1387223894,4066.997940000000,0.126582280000
1387223970,4001.000000000000,0.187900000000
1387223982,4001.000000000000,2.311475160000
1387223982,4000.000000000000,2.500000000000
1387224021,3959.000000000000,1.824544530000
1387224045,3959.000000000000,0.701345850000
1387224164,3992.061560000000,0.847624040000
1387224164,3992.061560000000,2.000000000000
1387224164,3994.571950000000,1.726517890000
1387224164,3994.571950000000,0.168010170000
1387224164,4011.118500000000,1.257847900000
1387224186,3999.546670000000,0.077632200000
1387224186,4005.714410000000,0.276799960000
1387224186,4008.500030000000,0.445567840000
1387224316,3901.000000000000,2.563445270000
1387224388,3900.000000000000,0.797905310000
1387224431,3900.000000000000,1.766197250000
1387224431,3900.000000000000,1.282051280000
1387224431,3900.000000000000,1.282051280000
1387224708,4106.169560000000,0.049300000000
1387224708,4122.071220000000,0.394659420000
1387224708,4122.071220000000,5.094521710000
1387235697,4053.244100000000,0.416492240000
1387246444,3850.000000000000,1.185412610000
1387246461,3850.000000000000,0.048820000000
1387246536,3850.000000000000,0.064468690000
1387248126,3800.000000000000,1.315789470000
1387248126,3800.000000000000,2.631578950000
1387252735,3800.000000000000,1.000000000000
1387254455,3775.000000000000,0.040000000000
1387254517,3775.000000000000,0.856000000000
1387254544,3775.000000000000,0.104000000000
1387255268,3750.000000000000,1.000000000000
1387329132,3750.000000000000,2.609066670000
1387339868,3750.000000000000,1.000000000000
1387342251,3700.000000000000,1.000000000000
1387345748,3500.000000000000,0.105080000000
1387346786,3400.000000000000,1.000000000000
1387346786,3400.000000000000,1.000000000000
1387347646,3300.000000000000,1.000000000000
1387347646,3300.000000000000,1.000000000000
1387351118,3200.000000000000,0.245431250000
1387351118,3200.000000000000,0.254568750000
1387351124,3200.000000000000,0.745431250000
1387351124,3200.000000000000,1.000000000000
1387351125,3200.000000000000,1.000000000000
1387351125,3200.000000000000,1.000000000000
1387351375,3150.000000000000,1.000000000000
1387351375,3150.000000000000,1.000000000000
1387351397,3100.000000000000,1.000000000000
1387351397,3100.000000000000,1.000000000000
1387351398,3100.000000000000,1.000000000000
1387354935,3000.000000000000,1.000000000000
1387354936,3000.000000000000,1.000000000000
1387354936,3000.000000000000,1.000000000000
1387354936,3000.000000000000,1.000000000000
1387354936,3000.000000000000,1.000000000000
1387354936,3000.000000000000,1.000000000000
1387354936,3000.000000000000,1.000000000000
1387355402,2875.000000000000,0.010000000000
1387355692,2850.841450000000,0.024750000000
1387360361,2997.709260000000,1.000000000000
1387380200,3135.390450000000,0.115076360000
1387380200,3135.390400000000,0.200000000000
1387380200,3131.458770000000,0.050101110000
1387380201,3131.432300000000,0.884822530000
1387384640,3275.096570000000,0.017674530000
1387384640,3288.303530000000,0.397600000000
1387384640,3289.381500000000,0.009999990000
1387384640,3289.381890000000,0.056309910000
1387384640,3292.686390000000,0.059539710000
1387384640,3292.714200000000,0.458875860000
1387408309,3000.000000000000,3.000000000000
1387437529,3421.123360000000,0.000000010000
1387437530,3441.201750000000,0.999999990000
1387437668,3429.078470000000,0.070000000000
1387508518,4000.000000000000,1.000000000000
1387731115,3735.398330000000,0.010000000000
1387731115,3735.398330000000,0.010000000000
1387731116,3735.398330000000,0.010000000000
1387731116,3735.398330000000,0.010000000000
1387731116,3738.887770000000,0.069300000000
1387731744,3729.764930000000,0.010000000000
1387731744,3729.770530000000,0.010000000000
1387731744,3729.770530000000,0.010000000000
1388001709,3840.965180000000,0.217169480000
1388003827,3881.987190000000,0.070000000000
1388036323,4020.025500000000,0.010000000000