1315033190,6.520990000000,0.092487890000
1315033219,6.520980000000,1.000000000000
1315033259,6.490360000000,0.506793780000
1315033290,6.492670000000,2.530000000000
1315033298,6.490360000000,5.871280330000
1315243965,5.868000000000,11.000000000000
1315268224,5.800000000000,30.000000000000
1315268343,5.678680000000,1.168600000000
1315284033,5.343180000000,10.500000000000
1315292926,5.261510000000,2.000000000000
1315292926,5.166000000000,3.000000000000
1315292926,5.160550000000,0.013750000000
1315292926,5.157560000000,4.000000000000
1315292926,5.156790000000,1.815258830000
1315294244,5.407880000000,10.000000000000
1315323140,5.400120000000,1.221508040000
1315336582,5.301110000000,2.336980640000
1315336602,5.301120000000,0.404000000000
1315336602,5.323120000000,18.226162470000
1315471627,6.000000000000,2.200000000000
1315576585,4.339790000000,0.201403160000
1315576587,4.339800000000,7.798596840000
1316012176,5.152180000000,2.900000000000
1316012176,5.152180000000,4.100000000000
1316029914,4.821440000000,10.000000000000
1317014253,4.956280000000,0.218170730000
1317015449,4.956290000000,17.115358460000
1317101798,4.352480000000,10.000000000000
1317102626,4.360000000000,5.000000000000
1317216090,4.364960000000,5.000000000000
1317275419,4.361740000000,3.353501460000
1317275434,4.361750000000,4.900805820000
1317275461,4.361750000000,10.745692720000
1317275494,4.359410000000,0.861006420000
1317324981,4.341060000000,23.000000000000
1318101132,3.753930000000,20.000000000000
1318486670,3.634950000000,0.200000000000
1318934709,2.454940000000,0.294357490000
1318974554,2.358030000000,0.645980000000
1318974561,2.358040000000,39.354020000000
1318974623,2.360110000000,0.100000000000
1318974627,2.360120000000,0.230000000000
1318984042,2.149340000000,0.100000000000
1319262946,2.457640000000,0.010500000000
1319409852,2.867590000000,0.008948280000
1320601772,2.562580000000,0.010000000000
1321392034,2.110140000000,41.003093900000
1321392904,2.110150000000,48.996906100000
1321484231,2.383760000000,62.925500000000
1322476551,2.389840000000,0.010029790000
1322476993,2.389850000000,24.989970210000
1323808338,3.071020000000,0.900000000000
1323808537,3.057210000000,14.937100000000
1324544536,3.748430000000,1.115230910000
1324544821,3.748430000000,5.180001000000
1324544875,3.748430000000,1.000000000000
1324545023,3.748430000000,1.039000000000
1324549539,3.748430000000,2.464596520000
1324557671,3.748430000000,109.251433260000
1325696817,4.995700000000,2.001700000000
1325696979,4.995700000000,16.097900000000
1325912066,6.366960000000,0.500000000000
1326066731,6.650990000000,0.500000000000
1326131040,6.105690000000,0.500000000000
1326166711,6.000000000000,1.000000000000
1326175521,6.100000000000,1.000000000000
1326183078,6.100000000000,1.000000000000
1326271395,6.552900000000,0.800320160000
1326271408,6.552900000000,6.829879840000
1326280378,6.596980000000,66.217860420000
1326280380,6.596980000000,6.000000000000
1326280397,6.596980000000,78.457139580000
1326382375,6.207800000000,0.057394590000
1326668499,6.549920000000,1.000000000000
1326669103,6.522230000000,1.000000000000
1326710516,6.820530000000,4.174239930000
1326710516,6.853640000000,51.841183840000
1326710516,6.853650000000,3.390000000000
1326710516,6.853660000000,10.490000000000
1326710516,6.864450000000,0.269160000000
1326710516,6.866000000000,0.010000000000
1326710516,6.867560000000,1.402155090000
1326710516,6.869980000000,0.141928310000
1326710516,6.870420000000,0.150000000000
1326710516,6.870850000000,26.938940000000
1326710516,6.874360000000,1.894210000000
1326710516,6.874900000000,0.041590000000
1326710517,6.875700000000,0.412367000000
1326710517,6.875710000000,0.980000000000
1326710517,6.877780000000,0.077710000000
1326710517,6.878170000000,16.253712200000
1326710517,6.878270000000,37.919426630000
1326710517,6.880000000000,0.020450000000
1326710517,6.880950000000,0.084900000000
1326710517,6.881680000000,7.451560000000
1326710517,6.882460000000,1.550000000000
1326710517,6.884420000000,0.897001000000
1326710517,6.884450000000,25.000000000000
1326710517,6.885270000000,0.110000000000
1326710517,6.885410000000,0.412015000000
1326710518,6.885540000000,0.071120000000
1326710518,6.890030000000,0.013130000000
1326710518,6.892550000000,0.583780000000
1326710518,6.892750000000,0.072710000000
1326710518,6.893590000000,0.384720000000
1326710518,6.893720000000,15.000000000000
1326710518,6.894130000000,0.230000000000
1326710518,6.894390000000,0.039410000000
1326710518,6.894540000000,3.638000000000
1326710518,6.895030000000,0.080000000000
1326710518,6.895100000000,0.430000000000
1326710518,6.895120000000,0.411635100000
1326710518,6.895130000000,0.100000000000
1326710518,6.895130000000,8.900000000000
1326710518,6.895130000000,10.000000000000
1326710518,6.895130000000,3.500000000000
1326710518,6.895130000000,0.010000000000
1326710518,6.895130000000,20.000000000000
1326710518,6.895130000000,24.930000000000
1326710518,6.895790000000,0.020257000000
1326710518,6.895790000000,7.617588900000
1326710719,6.826200000000,0.000366160000
1326710719,6.872550000000,0.952733840000
1326787304,6.614420000000,1.634863710000
1326787311,6.614420000000,2.300000000000
1326787496,6.614420000000,1.000000000000
1326787510,6.614420000000,5.065136290000
1326797453,6.610000000000,3.000000000000
1326839321,5.700000000000,3.173800000000
1326972645,5.885400000000,1.738959140000
1326972645,5.890440000000,0.010000000000
1326972646,5.890440000000,0.251040860000
1326976950,5.870790000000,0.166000000000
1326977055,5.879820000000,0.500000000000
1326977055,5.880780000000,9.500000000000
1326977389,5.870790000000,3.900000000000
1326978733,5.913350000000,3.000000000000
1326978749,5.913350000000,3.000000000000
1326978749,5.913350000000,1.000000000000
1326978987,5.913350000000,0.009940000000
1326979004,5.913350000000,0.966086870000
1326979519,5.913350000000,2.023973130000
1326980189,5.887650000000,20.000000000000
1326983523,5.948380000000,1.999000000000
1326983523,5.948380000000,18.001000000000
1326984953,5.870790000000,0.100000000000
1326984971,5.870790000000,0.100000000000
1326984974,5.870790000000,0.088600000000
1326985612,5.870790000000,15.645400000000
1326999872,5.958900000000,5.000000000000
1326999893,5.958900000000,5.000000000000
1327053769,6.225270000000,1.194111530000
1327053852,6.225280000000,1.470000000000
1327055009,6.225280000000,7.335888470000
1327364719,6.030730000000,147.345568480000
1327364719,6.030730000000,0.521850000000
1327364719,6.063970000000,15.001270000000
1327364719,6.066820000000,2.000000000000
1327364719,6.066950000000,0.970000000000
1327364719,6.067280000000,0.084065280000
1327364720,6.067550000000,3.000000000000
1327364720,6.067650000000,0.032332800000
1327364720,6.067660000000,3.000000000000
1327364720,6.067680000000,3.000000000000
1327364720,6.067740000000,3.340000000000
1327364720,6.068720000000,10.390000000000
1327364720,6.072490000000,58.547735770000
1327427820,5.993790000000,1.894000000000
1327427862,6.024700000000,3.000000000000
1327427900,6.024700000000,5.000000000000
1327427927,6.024700000000,3.000000000000
1327427962,6.024700000000,0.143000000000
1327427994,6.024700000000,3.000000000000
1327428052,6.024700000000,1.170000000000
1327428066,6.024700000000,0.793000000000
1327515566,5.500000000000,5.000000000000
1327562232,5.403290000000,81.028309740000
1327562232,5.418840000000,0.011331600000
1327562232,5.420750000000,2.255308920000
1327562232,5.422410000000,98.230088500000
1327562232,5.431790000000,94.304061820000
1327578621,5.422630000000,0.013000000000
1327580514,5.422630000000,7.899400290000
1327580524,5.422630000000,12.087599710000
1327623024,5.000000000000,5.000000000000
1328045237,5.203080000000,2.000000000000
1328187572,5.585390000000,1.792700000000
1328187587,5.585390000000,13.442800000000
1328187817,5.585390000000,2.150000000000
1328187841,5.585390000000,0.015000000000
1328188604,5.585390000000,37.599500000000
1328188698,5.595420000000,0.149250000000
1328188698,5.595800000000,0.268920000000
1328188698,5.604770000000,1.502541780000
1328188698,5.605170000000,0.079288220000
1329149638,4.950000000000,0.994000110000
1329150390,5.124150000000,2.000000000000
1329163556,5.108360000000,17.934100000000
1329172750,5.150880000000,10.000000000000
1329174474,5.000000000000,4.970000000000
1329176957,5.000000000000,10.030000000000
1329191284,4.500000000000,17.437220000000
1329201295,4.500000000000,5.000000000000
1329208195,4.631010000000,26.000000000000
1329210518,4.636480000000,46.035053780000
1329210529,4.636480000000,23.964946220000
1329223080,4.000000000000,5.000000000000
1329292277,4.492810000000,0.021646500000
1329292277,4.505180000000,0.021654100000
1329292277,4.511280000000,14.490136300000
1329292277,4.511280000000,2.510000000000
1329292277,4.511280000000,2.511504000000
1329292277,4.512120000000,0.702354600000
1329292277,4.512170000000,0.112550000000
1329292277,4.512810000000,0.205180000000
1329292277,4.515450000000,0.321660000000
1329292277,4.515940000000,0.114350000000
1329292277,4.517560000000,0.021659500000
1329292278,4.520670000000,0.483032800000
1329292278,4.520670000000,0.200000000000
1329292278,4.520670000000,0.047072100000
1329292278,4.520670000000,0.023335100000
1329292278,4.520670000000,20.000000000000
1329292278,4.520670000000,32.347500000000
1329292279,4.521620000000,8.888888890000
1329292279,4.528340000000,0.300000000000
1329292279,4.529090000000,2.838368310000
1329292279,4.529130000000,60.847500000000
1329292279,4.529310000000,8.888888890000
1329292279,4.529940000000,0.021676300000
1329292279,4.530060000000,0.482984000000
1329292279,4.530070000000,173.845547640000
1329372392,3.956690000000,8.874830390000
1329372393,3.956690000000,5.000000000000
1329372393,3.957830000000,14.050000000000
1329372393,3.957830000000,5.000000000000
1329372393,3.957920000000,21.744269610000
1329375104,3.969930000000,2.015100000000
1329375104,3.969930000000,0.010844010000
1329377298,3.916240000000,0.427968200000
1329377298,3.955540000000,29.670000000000
1329377303,3.955540000000,34.050000000000
1329377306,3.955540000000,4.110731800000
1329377361,3.954800000000,0.004248000000
1329461803,4.117360000000,6.000000000000
1329576064,3.915340000000,10.048521960000
1329774899,4.092710000000,0.002000000000
1329774957,4.092710000000,0.008000000000
1329775009,4.094160000000,0.100000000000
1329817341,3.972000000000,10.000000000000
1329906337,4.172180000000,2.380000000000
1329909336,4.172200000000,97.099100000000
1329909457,4.172200000000,5.741177310000
1330002136,4.407150000000,2.000000000000
1330044389,4.580000000000,0.500000000000
1330056073,4.550000000000,1.000000000000
1330204514,4.310000000000,2.000000000000
1330444757,4.440000000000,1.331371620000
1330487494,4.470790000000,0.739365970000
1330562061,4.492870000000,3.000000000000
1330562061,4.493060000000,2.150000000000
1330562061,4.493240000000,0.055435470000
1330562061,4.497600000000,0.300000000000
1330562061,4.498020000000,20.000000000000
1330562061,4.498200000000,3.202619550000
1330562061,4.499080000000,0.748010000000
1330562061,4.499490000000,9.700000000000
1330562061,4.500490000000,0.330000000000
1330562062,4.500590000000,79.847500000000
1330562062,4.501510000000,212.857485590000
1331009466,4.622120000000,1.995663310000
1331009466,4.622130000000,23.004336690000
1331059023,4.654730000000,1.040684560000
1331059210,4.665220000000,25.000000000000
1331128431,4.678190000000,0.000012820000
1331379893,4.517160000000,26.277210580000
1331380084,4.517160000000,6.486689420000
1331502609,4.578020000000,10.921700000000
1331814025,5.091700000000,19.038900000000
1331814025,5.093390000000,6.000000000000
1331814025,5.093580000000,1.000000000000
1331814025,5.096430000000,89.318900000000
1332319548,4.498030000000,40.017500000000
1332724618,4.134220000000,0.020000000000
1332726447,4.244720000000,0.014100000000
1332730277,4.092390000000,0.010000000000
1332730317,4.243880000000,0.014800000000
1332730493,4.234560000000,0.000044860000
1332730525,4.092390000000,0.010000000000
1332891511,4.467230000000,0.020127620000
1332892907,4.470080000000,0.979872380000
1332948901,4.457570000000,0.009123800000
1333155575,4.481330000000,1.000000000000
1333155583,4.481330000000,0.040000000000
1333155754,4.486060000000,0.010000000000
1333155782,4.486060000000,0.010000000000
1333155840,4.500110000000,3.000000000000
1333155840,4.500200000000,0.072995080000
1333155866,4.500200000000,0.015000000000
1333155914,4.500200000000,36.912004920000
1333301935,4.257160000000,0.010000000000
1333433130,4.590130000000,1.442242080000
1333433130,4.605940000000,3.000000000000
1333433160,4.606120000000,3.000000000000
1333433188,4.606120000000,17.000000000000
1333433216,4.606120000000,37.000000000000
1333433219,4.606120000000,3.000000000000
1333433260,4.606120000000,0.016151350000
1333433277,4.606120000000,0.015343780000
1333433292,4.606120000000,0.014576590000
1333433309,4.606120000000,0.013847760000
1333433322,4.606120000000,29.000000000000
1333433332,4.606120000000,0.013155370000
1333433342,4.606120000000,0.012497600000
1333433364,4.606120000000,0.011872720000
1333433375,4.606120000000,0.011279090000
1333433391,4.606120000000,0.010715130000
1333433410,4.606120000000,0.010179380000
1333433601,4.606120000000,5.000000000000
1333433731,4.606120000000,4.050000000000
1333433731,4.606120000000,10.000000000000
1333433731,4.606120000000,10.000000000000
1333433762,4.606120000000,0.638010450000
1333433775,4.606120000000,14.860000000000
1333433795,4.606120000000,11.570000000000
1333433833,4.606120000000,0.002228700000
1333450224,4.595650000000,3.000000000000
1333450224,4.595740000000,0.503863600000
1333450224,4.595840000000,20.000000000000
1333450267,4.595840000000,3.000000000000
1333450423,4.595840000000,1.496136400000
1334021877,4.557860000000,19.232710080000
1334079608,4.380100000000,0.003093810000
1334250688,4.408250000000,0.021153430000
1334250748,4.398080000000,7.000000000000
1334384478,4.491710000000,1.000000000000
1334675129,4.704820000000,0.790000000000
1334675172,4.704820000000,18.210000000000
1334724648,4.762170000000,4.141113130000
1334724865,4.766300000000,0.020083250000
1334725036,4.768050000000,3.221400000000
1334786609,4.811810000000,2.974784150000
1335713956,4.456640000000,0.078672510000
1335713962,4.456640000000,0.078672510000
1335841959,4.604240000000,2.896081950000
1335841959,4.604250000000,25.430000000000
1335841959,4.604270000000,36.673918050000
1335934223,4.713670000000,0.020414770000
1335934223,4.735400000000,0.314910000000
1335934241,4.735400000000,15.000000000000
1335934378,4.737300000000,0.020421760000
1335934406,4.737310000000,10.220000010000
1335934470,4.743340000000,19.868155650000
1335934470,4.743340000000,15.387486450000
1336237807,4.604000000000,4.000000000000
1336600298,4.630140000000,0.028942770000
1336600298,4.630140000000,0.028942770000
1336618938,4.658010000000,0.027433420000
1336623663,4.650260000000,0.013494280000
1336632647,4.668040000000,0.023996600000
1336644643,4.666150000000,0.012595490000
1336645232,4.700930000000,0.018583010000
1336646284,4.700930000000,0.018388400000
1336712321,4.612790000000,0.028645940000
1336712324,4.589850000000,0.050940490000
1336712327,4.567120000000,0.090586420000
1336713045,4.617120000000,0.027993890000
1336713046,4.594150000000,0.049780950000
1336731162,4.628660000000,0.029456190000
1336936594,4.713270000000,0.047168950000
1336981746,4.698910000000,43.790619340000
1336981746,4.698920000000,100.000000000000
1336981746,4.710900000000,50.000000000000
1336981746,4.710900000000,0.264477100000
1336981746,4.712230000000,40.713864470000
1336981746,4.717860000000,2.801310000000
1336981746,4.717930000000,52.000000000000
1336981746,4.723320000000,2.801310000000
1336981746,4.723320000000,0.560270000000
1336981747,4.723650000000,9.500000000000
1336981747,4.726190000000,13.646247820000
1337645728,4.902180000000,26.000000000000
1338361316,5.043880000000,30.189884710000
1338361316,5.043890000000,4.878120000000
1338362813,5.067790000000,0.129057660000
1338363188,5.067790000000,0.439900000000
1338364186,5.067790000000,1.170200000000
1338364509,5.067790000000,10.927624190000
1338364608,5.067790000000,48.244956320000
1338365371,5.068570000000,59.607587540000
1338375028,5.050000000000,38.705695630000
1338375137,5.050000000000,103.152416220000
1338377488,5.050000000000,11.886000000000
1338377588,5.050000000000,74.860000000000
1338377895,5.050000000000,10.730000000000
1338379224,5.050000000000,1.000000000000
1338379706,5.050000000000,35.958000000000
1338380703,5.050000000000,0.004000000000
1338380985,5.050000000000,5.386400000000
1338383261,5.050000000000,12.899667320000
1338808448,5.243690000000,55.000000000000
1338976821,5.393020000000,18.400000000000
1339000672,5.367880000000,3.056567220000
1339000672,5.374640000000,0.420384190000
1339000672,5.379190000000,86.011141080000
1340045443,6.106940000000,14.246100000000
1340092166,6.263130000000,3.000000000000
1340092186,6.263320000000,2.940000000000
1340099958,6.263320000000,0.010000000000
1340109495,6.263320000000,119.083746260000
1340128167,6.263320000000,97.310306250000
1340128523,6.263320000000,125.182281590000
1340129335,6.263320000000,0.180000000000
1340130442,6.263320000000,450.592365900000
1340169509,6.198930000000,3.000000000000
1340169620,6.198930000000,4.000000000000
1340219298,6.300000000000,3.182000000000
1340256517,6.400000000000,8.000000000000
1340601355,6.200000000000,6.000000000000
1340609309,6.190000000000,4.000000000000
1340609749,6.180000000000,3.000000000000
1340611090,6.184550000000,10.000000000000
1340611090,6.184550000000,1.000000000000
1340611090,6.222840000000,137.303970000000
1340611090,6.223820000000,21.006577120000
1340611090,6.223820000000,1.049252440000
1340611090,6.229700000000,0.094520000000
1340611090,6.233650000000,1.041146530000
1340611090,6.236230000000,0.010000000000
1340611090,6.238060000000,0.665096770000
1340611090,6.238900000000,0.237150000000
1340611090,6.242350000000,34.538265350000
1340611091,6.242370000000,97.608000000000
1340611091,6.243260000000,14.475259720000
1340889406,6.479800000000,2.529400000000
1341306682,6.471550000000,0.199550000000
1341306682,6.479200000000,1.028837580000
1341306682,6.502420000000,41.986812420000
1341316502,6.482860000000,1.000000000000
1341316561,6.483840000000,0.541300000000
1341322421,6.481900000000,0.470772430000
1341324394,6.332510000000,1.098400000000
1341464929,6.386020000000,0.209936220000
1341464929,6.386020000000,3.238879630000
1341464929,6.402930000000,384.151597780000
1341467208,6.242620000000,0.500000000000
1341467433,6.304720000000,0.250000000000
1341467455,6.430680000000,0.480208930000
1341597726,6.557190000000,2.500000000000
1341597777,6.560560000000,0.150505900000
1341597777,6.560560000000,1.225920470000
1341597800,6.580610000000,0.695560130000
1341664018,6.600000000000,6.000000000000
1341670598,6.600000000000,51.000000000000
1341762526,6.760610000000,15.974900000000
1341764695,6.505970000000,0.619903560000
1341764722,6.480910000000,4.810860000000
1341764769,6.480620000000,1.916647690000
1341861826,6.562710000000,0.235272810000
1341878527,6.800000000000,0.225700000000
1341884662,6.800000000000,3.774300000000
1341884662,6.800000000000,4.000000000000
1341885967,6.888700000000,0.142297000000
1341885981,6.918320000000,1.152417830000
1341885983,6.918330000000,7.847582170000
1341894889,7.000000000000,4.000000000000
1341894889,7.068990000000,15.163470000000
1341894889,7.068990000000,0.935980000000
1341894889,7.068990000000,0.332210000000
1341894889,7.068990000000,0.091540000000
1341894889,7.069240000000,50.000000000000
1341894890,7.072150000000,0.020000000000
1341894890,7.075060000000,55.456600000000
1341899462,7.028340000000,1.610970000000
1341902939,6.972460000000,0.044630000000
1341902944,6.972460000000,0.797410000000
1341927281,7.115730000000,14.000000000000
1341933727,7.128130000000,3.463000000000
1341938552,7.160460000000,0.349260000000
1341940001,7.157890000000,0.137390000000
1341940382,7.140010000000,0.053210000000
1341942822,7.150020000000,0.010000000000
1341942866,7.150020000000,0.010000000000
1341944529,7.109960000000,0.261850000000
1341944924,7.009920000000,0.020207350000
1341947525,6.984090000000,0.916845280000
1342006061,7.113590000000,70.380000000000
1342006346,7.113590000000,1.000000000000
1342006379,7.113590000000,28.620000000000
1342064894,7.093680000000,0.137357470000
1342091240,7.100000000000,0.137235210000
1342135344,7.100000000000,3.862764790000
1342184634,7.762090000000,7.378000000000
1342184676,7.762090000000,0.010100000000
1342184759,7.762090000000,0.500000000000
1342184759,7.762280000000,0.039800000000
1342184770,7.762280000000,5.889800000000
1342283652,7.388090000000,0.106200000000
1342283652,7.350300000000,0.138760000000
1342283652,7.345990000000,2.902540000000
1342462305,7.859460000000,2.245600000000
1342462401,7.820360000000,1.489193800000
1342619305,9.171140000000,0.020100070000
1342619319,9.183450000000,0.020098360000
1342619345,9.184070000000,0.080420000000
1342619353,9.187700000000,7.349934200000
1342619380,9.195760000000,0.020096870000
1342619394,9.196160000000,0.139290150000
1342619394,9.196160000000,0.220678680000
1342619406,9.204620000000,0.132341500000
1342619406,9.205030000000,2.800000000000
1342619407,9.208070000000,0.020095580000
1342619407,9.209440000000,0.041600000000
1342619432,9.216140000000,0.011524300000
1342619448,9.231920000000,3.186000000000
1342619448,9.231920000000,0.000006490000
1342649108,9.110550000000,10.000000000000
1342650977,9.000000000000,10.000000000000
1342738566,8.930000000000,5.720000000000
1342762598,7.742550000000,50.000000000000
1342774660,7.982680000000,0.127699170000
1342774660,7.985070000000,0.351407940000
1342774660,7.985080000000,0.011075000000
1342774660,7.990590000000,1.509817890000
1343086681,8.500000000000,5.000000000000
1343143576,8.700000000000,2.000000000000
1343152884,8.700000000000,5.000000000000
1343161425,8.646160000000,5.031135200000
1343162333,8.620000000000,2.000000000000
1343162335,8.600000000000,5.000000000000
1343237774,8.500000000000,5.000000000000
1343264322,8.727300000000,0.020592500000
1343293358,8.866750000000,2.974970430000
1343591082,8.632160000000,0.020654820000
1343591108,8.632160000000,0.020664930000
1343591114,8.632160000000,0.020666890000
1343591161,8.632160000000,0.020787460000
1343592506,8.632160000000,1.764035880000
1343993422,10.496300000000,2.165960000000
1343993422,10.496300000000,2.815750000000
1343993578,10.496300000000,0.018290000000
1344000522,10.089900000000,10.300000000000
1344017244,10.800000000000,1.666700000000
1344043592,10.800000000000,0.333300000000
1344153385,10.381690000000,5.872996000000
1344153392,10.381690000000,3.759304000000
1344319747,10.772440000000,6.152500000000
1344319747,10.772440000000,5.312999990000
1344319747,10.772520000000,2.458903760000
1344324347,10.712870000000,0.010000000000
1344324401,10.712880000000,0.010000000000
1344324422,10.712880000000,0.010000000000
1344324529,10.712880000000,3.000000000000
1344324536,10.712880000000,34.970000000000
1344341484,10.519590000000,0.732499060000
1344486766,10.800000000000,5.000000000000
1344487181,10.955520000000,7.479902530000
1344496346,11.000000000000,1.660000000000
1344496622,11.000000000000,20.000000000000
1344496628,11.000000000000,10.000000000000
1344497352,11.000000000000,2.708500000000
1344586507,11.298500000000,0.010000000000
1344586507,11.299460000000,1.940000000000
1344640508,11.049520000000,3.698680000000
1344640508,11.017830000000,46.301320000000
1344835639,11.803940000000,0.445790000000
1344835639,11.817100000000,0.461880000000
1344835639,11.817100000000,0.074130000000
1344835639,11.817100000000,0.070680000000
1344835639,11.833700000000,0.093990000000
1344835639,11.833700000000,0.495800000000
1344835640,11.833700000000,0.078890000000
1344835640,11.863100000000,0.579520000000
1344835640,11.865510000000,8.167400000000
1344835640,11.875550000000,5.968874710000
1344835640,11.878230000000,0.012670000000
1344835640,11.878400000000,0.959600000000
1344835640,11.884540000000,0.012670000000
1344835640,11.886180000000,0.048910000000
1344835640,11.886600000000,1.000000000000
1344835640,11.887660000000,1.990000000000
1344835640,11.888380000000,0.096260000000
1344835641,11.888610000000,14.931255840000
1344835641,11.890870000000,0.012660000000
1344835641,11.893020000000,0.030440000000
1344835641,11.893020000000,0.030440000000
1344835641,11.893020000000,0.289130000000
1344835641,11.893020000000,0.030440000000
1344835641,11.893020000000,0.096660000000
1344835641,11.893020000000,0.169950000000
1344835641,11.893020000000,0.014740000000
1344835641,11.893020000000,0.104920000000
1344835641,11.893020000000,0.010620000000
1344835641,11.893020000000,0.091950000000
1344835641,11.893540000000,0.096220000000
1344835641,11.893820000000,0.186540000000
1344835641,11.895510000000,9.445332730000
1345187894,13.929960000000,0.252700000000
1345187895,13.896000000000,0.747300000000
1345187972,14.524510000000,0.957318350000
1345231118,13.500000000000,4.500000000000
1345233405,12.000000000000,6.000000000000
1345310519,11.203260000000,52.395500000000
1345393616,9.130920000000,49.568300000000
1345393766,9.200770000000,0.676000000000
1345541763,9.838200000000,0.010000000000
1345541763,9.848200000000,0.076900000000
1345716509,9.769850000000,4.400200000000
1345992400,9.996180000000,3.470604710000
1345992400,9.981900000000,6.529395290000
1345992416,10.450880000000,9.498659440000
1345992449,9.981920000000,9.441667480000
1346065841,11.505750000000,0.027400000000
1346065842,11.508200000000,0.100000000000
1346065843,11.508920000000,0.642540000000
1346065843,11.508920000000,0.956770000000
1346065843,11.509160000000,4.273290000000
1346169656,10.775640000000,0.100000000000
1346169657,10.776530000000,1.490000000000
1346169657,10.776630000000,11.115539800000
1346169657,10.776630000000,6.150000000000
1346169657,10.777610000000,7.944460200000
1346256771,10.722790000000,0.005087290000
1346449060,9.567510000000,2.690190150000
1346449060,9.595980000000,7.019309850000
1346449070,9.567500000000,0.061000000000
1346449082,9.257670000000,0.020212670000
1346449082,9.256180000000,0.979787330000
1346449086,9.256180000000,1.000000000000
1346638088,10.029120000000,5.000000000000
1346638088,10.043680000000,0.768257780000
1346638088,10.043770000000,3.948543220000
1346849135,10.226520000000,1.799498750000
1347315141,10.804540000000,2.000000000000
1347510126,10.745700000000,1.010000000000
1347535946,10.894100000000,0.012300000000
1347563051,10.745700000000,24.990000000000
1347586275,10.804700000000,9.900000000000
1347660757,10.900000000000,0.657636840000
1347663493,10.900000000000,4.342363160000
1347770573,11.000000000000,5.000000000000
1347811714,10.795360000000,0.010200000000
1348008077,11.309890000000,0.476467460000
1348023728,11.310260000000,0.021177070000
1348024216,11.310260000000,0.014840210000
1348024395,11.310260000000,0.081089940000
1348024395,11.221920000000,1.201674460000
1348038177,11.413120000000,0.264580950000
1348041371,11.422630000000,0.015000000000
1348048140,11.649550000000,0.031118640000
1348048140,11.745290000000,0.968881360000
1348048256,11.745290000000,0.512460730000
1348079559,11.664510000000,0.011815070000
1348079559,11.866920000000,0.002747970000
1348172056,11.845440000000,0.517100000000
1348172056,11.845440000000,0.472400000000
1348172056,11.845570000000,0.501700000000
1348172056,11.845570000000,0.496700000000
1348172056,11.845570000000,0.491700000000
1348172056,11.846310000000,0.520400000000
1348212963,11.721870000000,0.011839580000
1348213464,11.781470000000,0.010110000000
1348213804,11.752020000000,3.000000000000
1348213832,11.752020000000,3.000000000000
1348213860,11.752020000000,2.487231130000
1348447227,11.467130000000,0.242848430000
1348497173,11.457700000000,0.020600730000
1348497189,11.457700000000,1.979399270000
1348550968,11.529430000000,0.010092850000
1348551016,11.575750000000,1.999900000000
1348554630,11.565760000000,1.301800000000
1348554630,11.565760000000,1.288800000000
1348554630,11.565760000000,1.275900000000
1348554630,11.565760000000,1.263100000000
1348554630,11.565760000000,0.288193770000
1348602273,11.460260000000,8.591600000000
1348602338,11.460260000000,0.134200000000
1348695884,11.483050000000,0.107636720000
1348700226,11.670830000000,1.000000000000
1348797576,11.661640000000,0.015026150000
1348797675,11.779180000000,0.130000000000
1348798112,11.788020000000,7.109400000000
1348798304,11.788030000000,0.403796310000
1348798314,11.788030000000,4.000000000000
1348798315,11.788030000000,0.363416680000
1348798316,11.788030000000,0.363416680000
1348798856,11.788030000000,0.060000000000
1348799986,11.788030000000,0.363416680000
1348800775,11.838720000000,10.000000000000
1348800883,11.885110000000,0.300000000000
1348800922,11.897060000000,3.167632170000
1348800951,11.905030000000,3.516654600000
1348800966,11.905040000000,7.000000000000
1348800973,11.905970000000,0.316057400000
1349104122,11.687820000000,1.000000000000
1349104598,11.687820000000,6.301344070000
1349104797,11.687820000000,9.597600000000
1349109211,11.687820000000,0.999999000000
1349110593,11.713220000000,0.500000000000
1349110632,11.713220000000,1.000000000000
1349110685,11.713220000000,0.250000000000
1349110702,11.713220000000,0.025802460000
1349138941,11.362900000000,0.500000000000
1349175223,11.688500000000,0.065984210000
1349223929,11.747770000000,0.140000000000
1349226587,11.710860000000,0.105000000000
1349282333,12.027610000000,17.554150980000
1349282333,12.027610000000,0.445794330000
1349284570,12.027610000000,6.376630870000
1349286251,12.027610000000,1.844203120000
1349288983,12.027610000000,6.204620700000
1349478929,11.914130000000,0.180000000000
1349554424,11.914130000000,0.820000000000
1349615640,11.503570000000,0.924592100000
1349692242,10.373490000000,1.000000000000
1349694384,10.373490000000,2.000000000000
1349719635,10.410550000000,1.000000000000
1349735607,10.885720000000,0.292975540000
1349750349,10.979680000000,0.093835540000
1349762552,11.399270000000,8.772500000000
1349776659,11.495060000000,0.014242030000
1349776693,11.495060000000,0.463800000000
1349776737,11.495060000000,7.908380000000
1349777145,11.495060000000,13.613577970000
1349782744,11.586060000000,0.137129130000
1349782744,11.586060000000,0.137129130000
1349782744,11.586070000000,0.137129130000
1349782744,11.606610000000,1.588612610000
1349787628,11.500000000000,0.279271400000
1349787637,11.500000000000,0.300000000000
1349787650,11.500000000000,0.030000000000
1349787651,11.500000000000,0.300000000000
1349787666,11.500000000000,1.090728600000
1349798966,11.200000000000,2.000000000000
1349798966,11.200000000000,1.000000000000
1349838535,11.205990000000,1.000000000000
1349884216,11.368840000000,0.949830050000
1349884216,11.484650000000,0.068160000000
1349884216,11.507450000000,0.069600000000
1349884216,11.507450000000,0.918300000000
1349884216,11.525760000000,11.023176770000
1349956528,11.480000000000,3.000000000000
1349973924,11.518080000000,1.000000000000
1349974181,11.574340000000,5.717400000000
1349976020,11.498720000000,0.000590500000
1350003093,11.300000000000,1.000000000000
1350051478,11.300000000000,1.000000000000
1350173141,11.200000000000,1.000000000000
1350207536,11.329500000000,2.000000000000
1350239133,11.300000000000,2.000000000000
1350258626,11.000000000000,2.000000000000
1350258626,11.000000000000,2.000000000000
1350337657,11.131000000000,0.023002380000
1350337657,11.253370000000,16.666470570000
1350352911,11.009560000000,1.000000000000
1350371721,11.200000000000,1.000000000000
1350386153,11.221480000000,0.601995530000
1350386153,11.236590000000,0.302451810000
1350386154,11.294490000000,0.291700000000
1350386154,11.320640000000,0.294700000000
1350386154,11.320940000000,1.009449160000
1350386154,11.324730000000,0.319400000000
1350386154,11.324730000000,0.316200000000
1350386154,11.324730000000,0.313000000000
1350386154,11.324730000000,0.309900000000
1350386154,11.324730000000,0.306800000000
1350386154,11.324730000000,0.303700000000
1350386154,11.324730000000,0.300700000000
1350386154,11.324730000000,0.297700000000
1350386157,11.330800000000,0.032303500000
1350386174,11.330800000000,5.000000000000
1350414371,11.100000000000,1.000000000000
1350414371,11.100000000000,2.000000000000
1350414376,11.055390000000,1.000000000000
1350478219,11.237350000000,50.000000000000
1350636160,11.161730000000,0.010259060000
1350636524,11.161730000000,9.989740940000
1350638442,11.133740000000,10.000000000000
1350645057,11.100000000000,10.000000000000
1350645753,11.000000000000,13.445936360000
1350697255,11.091760000000,0.035188000000
1350697266,11.091760000000,0.968511760000
1350835143,10.900000000000,1.000000000000
1350835197,11.042460000000,0.010000000000
1350835197,11.070950000000,1.990000000000
1350835231,11.042460000000,0.010000000000
1350835232,11.070950000000,1.990000000000
1350835263,11.070950000000,2.000000000000
1350918303,10.812050000000,1.997954420000
1351028179,10.810000000000,2.000000000000
1351028179,10.810000000000,1.000000000000
1351063108,10.906310000000,0.128939400000
1351155431,10.900000000000,1.834900000000
1351155440,10.742220000000,1.000000000000
1351163897,10.600000000000,2.000000000000
1351163897,10.600000000000,1.000000000000
1351164332,10.500000000000,0.119021180000
1351164394,10.500000000000,0.094194120000
1351164398,10.500000000000,0.094194120000
1351164413,10.500000000000,0.062887700000
1351164423,10.500000000000,0.061864700000
1351166526,10.457980000000,0.044450520000
1351174690,10.469370000000,1.000000000000
1351188255,10.455320000000,0.791530000000
1351188563,10.500000000000,0.160870000000
1351196559,10.200000000000,3.000000000000
1351217626,10.192380000000,1.000000000000
1351220946,10.128760000000,0.053637450000
1351234917,10.128760000000,0.946362550000
1351255412,10.000000000000,3.564421930000
1351255470,10.000000000000,4.435578070000
1351255470,10.000000000000,2.000000000000
1351272096,9.809310000000,1.000000000000
1351350472,9.962840000000,0.053061640000
1351489612,10.105560000000,7.092963530000
1351489613,10.106540000000,0.782493230000
1351489613,10.106580000000,0.515673230000
1351489670,10.126480000000,2.180000000000
1351490034,10.128460000000,0.543257720000
1351490069,10.128460000000,2.528842280000
1351515177,10.162660000000,18.539229280000
1351515177,10.166870000000,14.660770720000
1351696735,10.111750000000,0.024935170000
1351761687,10.392920000000,6.234700000000
1351761687,10.466940000000,0.184303460000
1351761687,10.466940000000,25.891442000000
1351801084,10.109340000000,1.000000000000
1352079272,9.899480000000,19.569800000000
1352193351,10.435700000000,8.110000000000
1352193351,10.441700000000,3.000559690000
1352193351,10.441710000000,6.510957490000
1352476266,10.055080000000,2.548400000000
1352476738,10.044100000000,7.451600000000
1352478744,10.055050000000,7.343800000000
1352479281,10.053900000000,2.371700000000
1352479506,10.042630000000,10.000000000000
1352479534,10.053900000000,0.010020590000
1352479568,10.043000000000,0.030000000000
1352479782,10.043000000000,9.970000000000
1352479860,10.053900000000,4.735900000000
1352479897,10.053900000000,2.882379410000
1352480030,10.055050000000,2.656200000000
1352483680,10.479520000000,4.895500000000
1352483965,10.043000000000,5.000000000000
1352484051,10.049000000000,5.000000000000
1352484051,10.050000000000,3.522400000000
1352484137,10.043000000000,5.000000000000
1352484564,10.050000000000,1.477600000000
1352496906,10.150000000000,5.000000000000
1352496907,10.250000000000,10.000000000000
1352583372,10.142140000000,0.808100000000
1352592637,10.142140000000,1.336559380000
1352615354,10.142140000000,2.855340620000
1352615354,10.144440000000,5.000000000000
1352615354,10.203500000000,5.000000000000
1352689800,10.350000000000,10.000000000000
1352690580,10.550230000000,0.019237960000
1352690760,10.557030000000,0.294300000000
1352690760,10.557030000000,0.291400000000
1352690761,10.557030000000,0.288500000000
1352690761,10.557030000000,0.285600000000
1352690761,10.557030000000,0.282700000000
1352690780,10.557030000000,1.388821000000
1352690800,10.557150000000,0.279900000000
1352690800,10.557150000000,0.277100000000
1352690800,10.557160000000,1.778554710000
1352690829,10.557160000000,0.274300000000
1352690841,10.557160000000,0.694410500000
1352690902,10.557160000000,0.347205250000
1352690950,10.557160000000,0.271600000000
1352691079,10.557160000000,0.076929540000
1352692984,10.557030000000,7.168679000000
1352692984,10.550230000000,9.980762040000
1352693131,10.350000000000,0.848846600000
1352693158,10.350000000000,10.000000000000
1352693164,10.350000000000,10.000000000000
1352693173,10.350000000000,9.151153400000
1352714039,10.500000000000,10.000000000000
1352721165,10.649110000000,10.000000000000
1352722358,10.400000000000,10.000000000000
1352722754,10.450000000000,10.000000000000
1352733895,10.650000000000,10.000000000000
1352733896,10.650000000000,0.575164990000
1352734120,10.650000000000,24.424835010000
1352740936,10.722150000000,5.000000000000
1352743651,10.700000000000,10.000000000000
1352744571,10.650000000000,3.000000000000
1352745201,10.650000000000,0.011950910000
1352751808,10.650000000000,1.737302720000
1352787449,10.600000000000,10.000000000000
1352801244,10.550000000000,7.760210450000
1352801249,10.550000000000,1.785616110000
1352844334,10.300000000000,2.000000000000
1352844354,10.310000000000,2.000000000000
1352844385,10.320000000000,1.000000000000
1352844405,10.330000000000,1.000000000000
1352844476,10.340000000000,0.971938370000
1352844477,10.340000000000,0.028061630000
1352844484,10.340000000000,0.943876740000
1352845806,10.350000000000,1.000000000000
1352845841,10.360000000000,1.000000000000
1352845864,10.564680000000,0.150000000000
1352845905,10.566230000000,0.149150620000
1352845928,10.604080000000,0.155274190000
1352851769,10.295550000000,1.000000000000
1352851769,10.380000000000,1.000000000000
1352851769,10.400000000000,1.000000000000
1352851770,10.450000000000,1.000000000000
1352885754,10.255550000000,1.000000000000
1352886554,10.350000000000,1.000000000000
1352889787,10.400000000000,1.000000000000
1352897803,10.246640000000,1.000000000000
1352898415,10.246640000000,1.000000000000
1352898434,10.246640000000,1.000000000000
1352898623,10.250000000000,1.000000000000
1352898623,10.260000000000,1.000000000000
1352900309,10.280830000000,1.000000000000
1352900309,10.300000000000,1.000000000000
1352900309,10.350000000000,1.000000000000
1352905316,10.255550000000,1.000000000000
1352907114,10.300000000000,1.000000000000
1352907801,10.270030000000,1.000000000000
1352908447,10.275010000000,1.000000000000
1352908447,10.277770000000,1.000000000000
1352908447,10.299990000000,1.000000000000
1352908447,10.350000000000,0.794399250000
1352910247,10.275900000000,1.000000000000
1352910247,10.304010000000,1.000000000000
1352910247,10.350000000000,0.205600750000
1352920878,10.270030000000,1.000000000000
1352920903,10.270030000000,1.000000000000
1352920931,10.270030000000,1.000000000000
1352921033,10.270030000000,1.000000000000
1352921084,10.270030000000,1.000000000000
1352921164,10.270030000000,1.000000000000
1352921250,10.270030000000,5.000000000000
1352921301,10.270030000000,5.000000000000
1352921350,10.270030000000,10.000000000000
1352921380,10.270030000000,8.600000000000
1352921486,10.270030000000,1.400000000000
1352921512,10.270040000000,1.000000000000
1352923471,10.261950000000,6.769752570000
1352927574,10.261950000000,3.230247430000
1352927574,10.265010000000,3.929341490000
1352927600,10.265010000000,6.070658510000
1352927600,10.275040000000,1.000000000000
1352927600,10.275670000000,1.000000000000
1352927600,10.285600000000,1.000000000000
1352928273,10.305000000000,1.000000000000
1352929925,10.350000000000,0.339259620000
1352930666,10.350000000000,0.660740380000
1352930667,10.360000000000,1.000000000000
1352931087,10.370000000000,0.000144550000
1352931247,10.370000000000,0.999855450000
1352931978,10.380000000000,1.000000000000
1352932021,10.370000000000,9.299195530000
1352932080,10.341950000000,0.700804470000
1352933280,10.369970000000,0.025000000000
1352933647,10.369970000000,0.975000000000
1352933647,10.384580000000,1.000000000000
1352951879,10.450000000000,1.000000000000
1352995171,10.276720000000,10.000000000000
1352995171,10.355670000000,10.000000000000
1353004250,10.356910000000,10.000000000000
1353005344,10.455000000000,1.000000000000
1353015891,10.239710000000,5.000000000000
1353015927,10.239710000000,5.000000000000
1353015947,10.239710000000,5.000000000000
1353015964,10.239710000000,10.000000000000
1353016007,10.239710000000,7.117660090000
1353016007,10.239710000000,1.000000000000
1353016014,10.239710000000,1.882339910000
1353016026,10.239710000000,0.009172130000
1353016026,10.239710000000,1.882339910000
1353016027,10.239420000000,0.771800000000
1353016034,10.239420000000,1.000000000000
1353016045,10.239420000000,1.336687960000
1353016065,10.239420000000,1.000000000000
1353016075,10.239420000000,1.000000000000
1353016076,10.239420000000,3.000000000000
1353020197,10.373010000000,1.976256860000
1353020461,10.373010000000,3.023743140000
1353020461,10.375010000000,1.145573650000
1353020882,10.273150000000,0.907800000000
1353021408,10.273150000000,0.030000000000
1353021578,10.273150000000,0.961100000000
1353021611,10.273150000000,3.101100000000
1353022507,10.328590000000,1.000000000000
1353022534,10.365500000000,1.000000000000
1353022640,10.365500000000,1.000000000000
1353022743,10.356580000000,1.000000000000
1353022766,10.375010000000,3.854426350000
1353023222,10.385790000000,5.000000000000
1353023361,10.408930000000,5.000000000000
1353024663,10.455790000000,5.000000000000
1353031129,10.500000000000,10.000000000000
1353033485,10.550000000000,1.000000000000
1353033485,10.550000000000,0.325047150000
1353051399,10.454550000000,0.698500000000
1353051856,10.650000000000,0.681566190000
1353051856,10.454550000000,0.677476790000
1353051856,10.650000000000,0.000033810000
1353051857,10.454550000000,0.000033610000
1353051860,10.650000000000,0.661050700000
1353051860,10.454550000000,0.020989600000
1353051860,10.650000000000,0.020480750000
1353058618,10.650000000000,0.159617510000
1353058627,10.650000000000,0.159617510000
1353063630,10.650000000000,8.317633530000
1353063630,10.650000000000,1.000000000000
1353066412,10.631490000000,1.000000000000
1353066412,10.635490000000,4.000000000000
1353066468,10.631480000000,0.614400000000
1353068370,10.631480000000,1.000000000000
1353070455,10.631480000000,0.001151290000
1353070832,10.631480000000,3.384448710000
1353070832,10.632480000000,5.000000000000
1353070832,10.635490000000,6.000000000000
1353083844,10.987930000000,2.692200000000
1353083844,11.000000000000,10.000000000000
1353085393,11.000000000000,1.000000000000
1353085537,11.045380000000,0.500000000000
1353086200,11.000000000000,1.000000000000
1353086228,11.000000000000,5.000000000000
1353086250,11.000000000000,5.000000000000
1353086273,11.000000000000,5.000000000000
1353086281,11.000000000000,5.000000000000
1353086335,11.111110000000,0.100000000000
1353088472,11.000000000000,3.451722110000
1353093890,11.000000000000,1.000000000000
1353093963,11.000000000000,10.000000000000
1353093997,11.000000000000,41.556077890000
1353108881,11.000000000000,8.443922110000
1353108883,11.052700000000,10.000000000000
1353168262,11.010420000000,5.000000000000
1353176995,10.846140000000,0.010000000000
1353184299,10.779680000000,1.017100000000
1353184333,10.779680000000,6.532249600000
1353184407,10.779690000000,10.000000000000
1353184460,10.779700000000,0.625214270000
1353184489,10.779690000000,9.374785730000
1353184948,10.810780000000,8.797353700000
1353187437,10.794140000000,2.054380360000
1353187968,10.785020000000,1.000000000000
1353187997,10.803370000000,1.000000000000
1353188015,10.803370000000,1.000000000000
1353188027,10.803370000000,0.530000000000
1353188513,10.803370000000,0.470000000000
1353188781,10.803360000000,7.240000000000
1353189126,10.803360000000,2.760000000000
1353189126,10.810780000000,1.202636300000
1353191341,10.808430000000,3.000000000000
1353191373,10.808430000000,2.000000000000
1353191459,10.808430000000,5.000000000000
1353191481,10.808430000000,5.000000000000
1353191522,10.808430000000,36.243284190000
1353191980,10.803100000000,1.000000000000
1353191986,10.803100000000,1.000000000000
1353192003,10.803100000000,1.000000000000
1353192302,10.825740000000,0.331000000000
1353192661,10.805980000000,1.000000000000
1353192661,10.811120000000,1.000000000000
1353192661,10.819980000000,1.000000000000
1353192661,10.820210000000,1.000000000000
1353192661,10.825740000000,0.669000000000
1353192662,10.831460000000,1.000000000000
1353192662,10.842210000000,5.000000000000
1353192662,10.850720000000,1.000000000000
1353192662,10.860120000000,1.000000000000
1353192752,10.805900000000,1.000000000000
1353192762,10.805900000000,1.000000000000
1353192769,10.805900000000,1.000000000000
1353192773,10.805900000000,1.000000000000
1353192777,10.805900000000,1.000000000000
1353192777,10.805990000000,1.000000000000
1353192780,10.806000000000,1.000000000000
1353192796,10.806000000000,0.871700000000
1353192796,10.806000000000,0.128300000000
1353193204,10.807770000000,1.000000000000
1353193233,10.807770000000,10.000000000000
1353193388,10.807770000000,10.000000000000
1353193400,10.807770000000,7.000000000000
1353193438,10.807770000000,11.312487650000
1353193661,10.805890000000,8.000000000000
1353194674,10.805890000000,1.000000000000
1353194743,10.805890000000,0.389800000000
1353194876,10.806110000000,10.000000000000
1353194900,10.806110000000,10.000000000000
1353194914,10.806110000000,0.967428420000
1353194995,10.805890000000,0.032626750000
1353195027,10.805890000000,1.000000000000
1353195103,10.805890000000,1.000000000000
1353195113,10.805890000000,1.000000000000
1353195147,10.805890000000,1.000000000000
1353195254,10.805890000000,1.000000000000
1353195271,10.805890000000,1.000000000000
1353195275,10.805890000000,1.000000000000
1353195284,10.805890000000,1.000000000000
1353195393,10.805900000000,1.000000000000
1353195393,10.809000000000,0.739468310000
1353195852,10.809000000000,0.260531690000
1353195852,10.810000000000,1.000000000000
1353195852,10.812910000000,1.000000000000
1353195852,10.815230000000,0.836741160000
1353196003,10.815230000000,0.163258840000
1353196003,10.820010000000,2.599060650000
1353196070,10.820010000000,2.400939350000
1353196070,10.854370000000,1.000000000000
1353196505,10.866860000000,10.000000000000
1353196614,10.866860000000,10.000000000000
1353196649,10.866860000000,10.000000000000
1353196732,10.866950000000,10.000000000000
1353196763,10.866950000000,7.707300000000
1353196942,10.866860000000,10.000000000000
1353196986,10.866860000000,12.292700000000
1353197024,10.866860000000,20.000000000000
1353197263,10.866860000000,10.921602250000
1353197629,10.831110000000,0.078397750000
1353197631,10.868760000000,1.000000000000
1353197632,10.873570000000,1.000000000000
1353197632,10.873580000000,5.000000000000
1353198121,10.880030000000,5.000000000000
1353242045,10.766010000000,0.719000000000
1353242378,10.766010000000,0.669000000000
1353243689,10.766010000000,3.612000000000
1353293874,10.983920000000,5.000000000000
1353293875,10.999980000000,5.000000000000
1353293876,11.015310000000,5.000000000000
1353412887,10.907920000000,0.700000000000
1353413383,10.907920000000,3.214222090000
1353415407,10.907920000000,3.085777910000
1353444205,11.111110000000,0.072240670000
1353474551,11.111110000000,15.297059330000
1353567001,11.135020000000,0.095705290000
1353707174,11.617700000000,0.388705870000
1353707174,11.617700000000,0.110504060000
1353708785,11.624070000000,2.750000000000
1353743817,11.617700000000,1.000000000000
1353744373,11.617700000000,0.100000000000
1353747093,11.617700000000,1.000000000000
1353747979,11.617700000000,0.327390070000
1353780351,11.708990000000,5.000000000000
1353780352,11.709000000000,5.000000000000
1353781591,11.700000000000,5.000000000000
1353781598,11.700000000000,5.000000000000
1353789112,11.600000000000,0.596300000000
1353847507,11.600000000000,3.502569300000
1353852908,11.600000000000,0.100694850000
1353860320,11.600000000000,4.515800000000
1353867347,11.600000000000,1.284635850000
1353926886,11.829040000000,0.466800000000
1353926887,11.850000000000,1.760321780000
1353927060,11.850000000000,7.772878220000
1353927335,11.899130000000,10.000000000000
1353928308,11.810000000000,0.849045250000
1353931471,11.810000000000,9.150954750000
1353968637,11.600000000000,20.000000000000
1354013838,11.372830000000,0.081722770000
1354038303,11.428900000000,3.700000000000
1354082217,11.463300000000,0.063036450000
1354169395,11.619300000000,0.025109960000
1354169395,11.800850000000,29.913100000000
1354169395,11.801850000000,19.912829760000
1354170229,11.834340000000,7.123360490000
1354204426,11.829770000000,0.734197250000
1354206413,11.829770000000,11.873468630000
1354209857,11.829770000000,0.025306920000
1354209861,11.829770000000,0.025306920000
1354210344,11.829770000000,0.020245530000
1354210355,11.829770000000,0.018220980000
1354210363,11.829770000000,0.018220980000
1354210373,11.829770000000,0.016398880000
1354210383,11.829770000000,0.012936900000
1354210393,11.829770000000,0.012936900000
1354210405,11.829770000000,0.011643210000
1354210414,11.829770000000,0.010349520000
1354210714,11.829770000000,1.000000000000
1354221131,11.829770000000,0.020000000000
1354221145,11.829770000000,0.020000000000
1354221581,11.829770000000,14.000000000000
1354226460,11.829770000000,23.180767380000
1354283672,11.829770000000,0.098487080000
1354283672,11.930770000000,18.254722030000
1354341712,11.580030000000,0.010000000000
1354352165,11.580030000000,0.020000000000
1354473410,11.580030000000,0.010000000000
1354499296,11.580030000000,0.608107050000
1354587725,11.711900000000,0.000012360000
1354587725,11.700820000000,0.005614320000
1354597620,11.557080000000,1.290000000000
1354610696,11.804990000000,1.000000000000
1354618698,11.814990000000,0.398700000000
1354618886,11.814990000000,0.318433820000
1354618888,11.814990000000,0.282866180000
1354619938,11.824990000000,0.017691150000
1354620726,11.824990000000,0.583712620000
1354621048,11.824990000000,0.398596230000
1354621048,11.827050000000,0.014831140000
1354622154,11.834990000000,1.000000000000
1354622909,11.844990000000,1.000000000000
1354624895,11.854990000000,1.000000000000
1354624904,11.864990000000,1.000000000000
1354624912,11.874990000000,1.000000000000
1354624918,11.884990000000,1.000000000000
1354634362,11.894990000000,1.000000000000
1354635428,12.079450000000,2.268700000000
1354635429,12.086470000000,7.731300000000
1354635730,12.086470000000,10.000000000000
1354635748,12.086470000000,10.000000000000
1354638629,12.086470000000,2.000000000000
1354654978,12.253790000000,10.000000000000
1354655007,12.253790000000,10.000000000000
1354655057,12.253790000000,9.953500000000
1354655058,12.253790000000,0.046500000000
1354658113,12.272940000000,0.013763510000
1354660104,12.344470000000,0.015706810000
1354699172,12.355070000000,3.000000000000
1354745474,12.356070000000,0.416514130000
1354792315,12.750050000000,5.000000000000
1354809493,12.482690000000,0.143888840000
1354809528,12.482690000000,1.697512720000
1354837152,12.483690000000,0.010000000000
1354837939,12.483690000000,29.953900000000
1354837939,12.482690000000,4.543567930000
1354854297,12.094940000000,0.113266270000
1354864225,12.377900000000,0.185246920000
1354872560,12.524170000000,29.990700000000
1355125901,12.451110000000,1.000000000000
1355125913,12.445110000000,0.500000000000
1355125913,12.441110000000,1.000000000000
1355179647,12.606590000000,0.298685320000
1355179709,12.606590000000,0.151364820000
1355179712,12.606590000000,0.075970450000
1355179722,12.606590000000,0.037950350000
1355180302,12.606590000000,0.019137320000
1355211785,12.606590000000,0.412291740000
1355211785,12.610640000000,0.497700000000
1355211785,12.616720000000,0.995400000000
1355211785,12.625260000000,0.281740440000
1355211786,12.911480000000,10.515476140000
1355398715,12.897160000000,0.010000000000
1355398722,12.935230000000,0.010000000000
1355398960,12.935230000000,0.010000000000
1355399321,12.935230000000,0.010000000000
1355401708,12.935230000000,3.337047350000
1355401709,12.935230000000,3.164950000000
1355401835,12.935230000000,0.010000000000
1355401846,12.935230000000,0.010000000000
1355401952,12.935230000000,8.899683260000
1355442509,12.899540000000,0.548787620000
1355442510,12.947110000000,23.860219770000
1355510847,12.712040000000,0.425655910000
1355510959,12.541620000000,0.208472340000
1355510998,12.541620000000,0.165662040000
1355511002,12.541620000000,0.165662040000
1355511010,12.541620000000,0.131516050000
1355511012,12.541620000000,0.131516050000
1355511955,12.541620000000,0.197171480000
1355514402,12.488420000000,1.001000130000
1355514404,12.478400000000,0.300365430000
1355514404,12.478400000000,0.266776990000
1355514404,12.478400000000,0.019245260000
1355514404,12.478400000000,0.414610850000
1355514424,12.431110000000,1.000000000000
1355514424,12.482410000000,0.500500300000
1355514424,12.427310000000,29.973600000000
1355514431,12.411110000000,1.000000000000
1355514443,12.371110000000,1.000000000000
1355518636,12.528100000000,0.995400000000
1355520304,12.408180000000,1.000698730000
1355524260,12.565640000000,0.996395730000
1355524260,12.568610000000,0.995400000000
1355524263,12.588870000000,0.995400000000
1355592881,12.636760000000,0.019156730000
1355592881,12.636760000000,0.265549820000
1355592881,12.636760000000,0.298983750000
1355592881,12.636760000000,0.412703640000
1355678945,12.636760000000,29.003606060000
1355679964,12.508260000000,1.002000280000
1355686861,12.468370000000,1.000698570000
1355686867,12.448300000000,1.000698090000
1355686867,12.445360000000,1.001699430000
1355723025,12.311110000000,1.000000000000
1355723025,12.311110000000,0.625774590000
1355733789,12.251110000000,1.000000000000
1355766953,12.406580000000,0.995700000000
1355780145,12.406580000000,7.751271500000
1355962140,12.467340000000,0.400000000000
1356001619,12.348000000000,0.045318990000
1356046557,12.467340000000,0.309168370000
1356046562,12.467340000000,0.286531630000
1356046562,12.467340000000,0.022636740000
1356046565,12.467340000000,0.008981660000
1356046579,12.504700000000,0.012112060000
1356076883,12.504700000000,0.033012060000
1356099825,12.504710000000,0.080268650000
1356099876,12.504710000000,0.043432930000
1356099877,12.504710000000,0.043432930000
1356099878,12.504710000000,0.039089640000
1356099939,12.504710000000,0.011107590000
1356099941,12.504710000000,0.011107590000
1356104703,12.601690000000,0.867900000000
1356104703,12.605940000000,27.603097420000
1356129023,12.504710000000,5.868548610000
1356129036,12.386010000000,29.941500000000
1356129036,12.385010000000,0.045364520000
1356129050,12.348000000000,0.955682790000
1356129060,12.287820000000,1.001000180000
1356171229,12.338020000000,5.000000000000
1356680455,12.443760000000,0.101836800000
1356707001,12.443760000000,0.021000000000
1356783332,12.324650000000,0.021112160000
1357141966,12.443760000000,0.975695880000
1357141966,12.443760000000,0.157967160000
1357150755,12.443760000000,6.770960000000
1357151028,12.443760000000,23.095376960000
1357225716,12.317220000000,0.981185690000
1357261982,12.427410000000,0.703300000000
1357264325,12.427410000000,1.296700000000
1357264326,12.340000000000,14.193288490000
1357297675,12.481050000000,0.997693620000
1357297675,12.481050000000,0.097330360000
1357297746,12.504700000000,0.951573350000
1357297813,12.542180000000,0.045169450000
1357298040,12.610890000000,0.997091610000
1357298065,12.613550000000,0.825500000000
1357300088,12.610890000000,0.000046780000
1357322019,12.482650000000,1.002701350000
1357322217,12.414640000000,0.045422980000
1357322263,12.377540000000,0.956926820000
1357322263,12.354130000000,1.003306590000
1357525479,12.518450000000,0.998691380000
1357525479,12.518450000000,0.104773350000
1357525578,12.542170000000,0.952524960000
1357525578,12.579770000000,0.045214030000
1357525578,12.613870000000,0.996094880000
1357525578,12.634210000000,0.033611910000
1357536649,12.505740000000,0.033801280000
1357536651,12.485600000000,1.001698760000
1357565500,12.542000000000,4.353340680000
1357566360,12.542000000000,2.520000000000
1357572188,12.542000000000,2.000000000000
1357572226,12.542000000000,2.000000000000
1357574000,12.542000000000,1.000000000000
1357574017,12.542000000000,1.000000000000
1357574081,12.542000000000,1.000000000000
1357574091,12.542000000000,1.000000000000
1357574121,12.542000000000,1.000000000000
1357574151,12.542000000000,1.000000000000
1357577818,12.542000000000,5.887659320000
1357603382,12.634210000000,0.962483450000
1357603382,12.634210000000,0.408683530000
1357603388,12.640820000000,0.498198000000
1357603389,12.646900000000,0.996395530000
1357603390,12.647680000000,30.002700000000
1357603394,12.648680000000,0.998088920000
1357603396,12.651670000000,0.997090950000
1357614399,12.672080000000,0.033645790000
1357614399,12.674630000000,0.997391080000
1357637218,12.911710000000,0.500000000000
1357645014,12.911710000000,0.387200000000
1357645022,12.911710000000,1.936200000000
1357645032,12.911710000000,1.316600000000
1357727662,12.911710000000,6.906900000000
1357802050,12.911710000000,0.054778210000
1357887734,13.307180000000,0.048662710000
1357889727,13.364670000000,29.972900000000
1357889728,13.386700000000,4.935135840000
1357889728,13.386790000000,35.091964160000
1358055720,13.066680000000,0.581655530000
1358055720,12.913710000000,5.418344470000
1358232819,13.356080000000,6.684596070000
1358239098,13.143800000000,0.288918470000
1358239108,13.141440000000,0.144619540000
1358239118,13.140970000000,0.072397310000
1358239159,13.141390000000,0.036241250000
1358239160,13.141390000000,0.036241250000
1358311384,13.415810000000,0.042452050000
1358311384,13.415810000000,1.124490240000
1358311418,13.415810000000,0.021159980000
1358311424,13.415810000000,0.021159980000
1358311425,13.415810000000,0.000000740000
1358314362,13.415810000000,28.815789060000
1358388104,14.109620000000,1.000000000000
1358388185,14.082900000000,29.962400000000
1358388185,14.083900000000,10.590000000000
1358388185,14.110620000000,22.709327210000
1358388186,14.111330000000,1.738272790000
1358406359,14.136170000000,1.000000000000
1358406360,14.158280000000,9.000000000000
1358406467,14.100000000000,2.310000000000
1358407637,14.100000000000,0.008400000000
1358412694,14.186900000000,17.473818090000
1358415551,14.196440000000,20.537700000000
1358455602,14.440480000000,0.020833170000
1358455634,14.539030000000,0.057400000000
1358455640,14.541840000000,2.635472530000
1358457824,14.128890000000,0.011300000000
1358528984,14.856830000000,1.367590000000
1358528984,14.868980000000,23.632410000000
1358541283,14.868980000000,0.017994360000
1358541411,14.868980000000,1.982005640000
1358769813,15.457410000000,0.010255400000
1358783783,15.695540000000,0.093218120000
1358812166,15.427090000000,1.000000000000
1358851691,16.110400000000,0.416020100000
1358851793,16.129660000000,3.778758300000
1358851793,16.130520000000,1.354749530000
1358851793,16.132520000000,1.000000000000
1358851793,16.132620000000,2.000000000000
1358851793,16.132710000000,0.047332560000
1358851793,16.137210000000,1.000000000000
1358851793,16.137300000000,0.819159610000
1358851816,16.137300000000,10.000000000000
1358853230,16.062710000000,29.992600000000
1358853230,16.063710000000,25.779270550000
1358853230,16.063720000000,1.000000000000
1358853231,16.070000000000,29.983400000000
1358854144,16.148670000000,100.000000000000
1358856117,16.100000000000,0.010000000000
1358856264,16.100000000000,45.103956510000
1358856334,16.100000000000,21.000000000000
1358856720,16.100000000000,0.031170000000
1358863818,16.530990000000,10.000000000000
1358863988,16.484220000000,100.000000000000
1358864230,16.576030000000,15.248816660000
1358864295,16.598850000000,0.379603540000
1358864295,16.598860000000,4.181362940000
1358864386,16.614640000000,7.016119160000
1358864458,16.678300000000,2.210000000000
1358864458,16.678300000000,13.074600000000
1358877559,16.722980000000,5.332781590000
1358928602,16.000000000000,0.042802590000
1358928609,16.000000000000,0.042802590000
1358928625,16.000000000000,0.034242080000
1358928637,16.000000000000,0.029961820000
1358928644,16.000000000000,0.026537610000
1358928654,16.000000000000,0.023541430000
1358928703,16.000000000000,0.018533520000
1358928707,16.000000000000,0.016680170000
1358928711,16.000000000000,0.016680170000
1358928714,16.000000000000,0.015012150000
1358932320,16.107570000000,6.162300000000
1358975739,16.498330000000,5.000000000000
1359053381,16.941070000000,0.385143170000
1359053383,16.852680000000,29.963800000000
1359057536,16.000000000000,2.233205870000
1359058109,15.800000000000,3.797500000000
1359058928,15.301900000000,30.003400000000
1359063641,15.301900000000,20.524966740000
1359109863,15.635360000000,0.040202420000
1359158485,15.978060000000,1.000000000000
1359244793,16.089880000000,0.068619810000
1359367857,16.816090000000,0.114633440000
1359371453,16.751610000000,0.187000000000
1359491173,18.027900000000,0.039446360000
1359494286,17.723020000000,0.011110740000
1359494287,17.723020000000,0.011110740000
1359494288,17.723020000000,0.011104620000
1359494292,17.723020000000,0.011098510000
1359510748,18.353890000000,27.760000000000
1359559052,18.520380000000,29.911800000000
1359559053,18.520380000000,23.517989370000
1359625166,18.487120000000,0.014592400000
1359631981,18.779860000000,0.073002950000
1359647439,19.051290000000,0.011136490000
1359654629,19.511910000000,0.023759090000
1359654651,19.521000000000,0.023759090000
1359654689,19.662390000000,10.000000000000
1359654743,19.662390000000,10.000000000000
1359655096,19.521000000000,29.957740910000
1359655096,19.520000000000,9.976240910000
1359655335,19.621570000000,2.374100000000
1359662095,19.624450000000,0.084425190000
1359669830,19.007610000000,0.024532420000
1359669840,19.007610000000,0.029584680000
1359669915,19.007610000000,0.028056530000
1359669981,19.007610000000,0.010129680000
1359670006,19.007610000000,0.020411340000
1359671028,19.007610000000,0.237395550000
1359677506,18.508050000000,0.039209680000
1359791684,17.865180000000,59.953100000000
1359792274,17.588940000000,59.910500000000
1359921397,18.219510000000,0.400100000000
1359972444,19.020210000000,0.133266380000
1359977239,19.344960000000,29.911100000000
1359977241,19.344960000000,21.782000000000
1359979173,19.000000000000,51.428100000000
1359979182,18.837050000000,59.951400000000
1359980694,19.064740000000,8.598100000000
1359994191,18.834640000000,2.000000000000
1359995324,18.751140000000,12.926700000000
1360075893,19.138310000000,0.011913520000
1360126906,19.118770000000,0.089732710000
1360173527,19.806900000000,20.000000000000
1360217608,19.868430000000,0.362400000000
1360276792,19.915240000000,0.024214940000
1360324593,20.755530000000,1.904016680000
1360324593,20.767730000000,2.395983320000
1360326067,20.848170000000,29.910600000000
1360326067,20.848180000000,0.123400000000
1360326068,20.848180000000,2.852408210000
1360328995,20.284390000000,0.295299590000
1360329042,20.284390000000,0.150659360000
1360329095,20.284390000000,0.150651150000
1360330792,20.688200000000,1.240757970000
1360330925,20.887290000000,10.601644820000
1360473503,22.155730000000,2.000000000000
1360537730,21.415790000000,5.555629690000
1360537912,21.415790000000,1.311121400000
1360539130,21.415790000000,3.133248910000
1360568806,22.397290000000,29.943900000000
1360568808,22.397290000000,14.257900000000
1360578012,21.796270000000,59.932200000000
1360650240,22.531470000000,1.000000000000
1360666180,23.290520000000,0.019411440000
1360670250,23.901190000000,30.011400000000
1360670252,23.901190000000,11.367300000000
1360683186,23.942200000000,10.021200000000
1360706807,23.295320000000,0.491178230000
1360735038,23.836450000000,1.000000000000
1360735111,23.836450000000,0.500000000000
1360760794,23.404750000000,0.244629580000
1360760797,23.404750000000,0.245116360000
1360760817,23.404750000000,1.490254060000
1360777665,23.837450000000,0.024415890000
1360778253,23.837450000000,41.506884110000
1360786956,23.500000000000,0.012839830000
1360788298,23.294900000000,1.563000000000
1360788358,23.294900000000,0.012974080000
1360789409,23.294900000000,6.512669560000
1360789538,23.294900000000,9.485400000000
1360789658,23.294900000000,0.003423860000
1360790021,23.294900000000,0.409692670000
1360801884,21.500000000000,0.046484650000
1360804441,21.933260000000,29.922000000000
1360804441,21.934260000000,0.974026970000
1360804501,21.934260000000,0.884793710000
1360804552,23.281150000000,0.024455260000
1360804604,22.321540000000,0.012185030000
1360880838,24.999990000000,0.012918000000
1360880881,24.999990000000,0.012840400000
1360880905,24.999990000000,0.012763200000
1360880916,24.999990000000,0.012686800000
1360880979,24.406430000000,1.000000000000
1360903140,24.656930000000,0.020000000000
1360915013,24.722030000000,0.801822130000
1360915014,24.722030000000,0.198177870000
1360915034,24.492520000000,1.000000000000
1360915078,24.540000000000,1.000000000000
1360915096,24.540000000000,1.000000000000
1360915177,24.600000000000,1.000000000000
1360915198,24.600000000000,1.000000000000
1360915255,24.650000000000,1.000000000000
1360915596,24.700000000000,1.000000000000
1360915652,24.750000000000,1.000000000000
1360915711,24.750000000000,1.000000000000
1360915735,24.770000000000,1.000000000000
1360915756,24.780000000000,1.000000000000
1360915796,24.790000000000,1.000000000000
1360915828,24.800000000000,1.000000000000
1360915882,24.820000000000,1.000000000000
1360915934,24.850000000000,1.000000000000
1360915993,24.880000000000,1.000000000000
1360916014,24.890000000000,1.000000000000
1360916053,24.890000000000,1.000000000000
1360916094,24.900000000000,1.000000000000
1360916134,24.920000000000,1.000000000000
1360916155,24.920000000000,1.001600000000
1360923645,24.970000000000,1.000000000000
1360924354,24.999990000000,9.948791600000
1360925532,25.000000000000,0.049301150000
1360930281,25.000000000000,8.331907250000
1360933641,24.450000000000,0.020000000000
1360943242,25.192040000000,0.561698160000
1360944184,25.326650000000,0.010000000000
1360944194,25.326650000000,0.034438620000
1360946223,25.326650000000,0.393863220000
1360950500,25.388650000000,29.951400000000
1360950502,25.388650000000,9.436300000000
1360966518,25.000000000000,0.994000000000
1361103297,25.000000000000,38.166000000000
1361103297,25.000000000000,2.000000000000
1361104633,24.400000000000,1.000000000000
1361107248,24.490000000000,1.000000000000
1361107248,24.500000000000,1.000000000000
1361107251,24.600000000000,1.000000000000
1361111485,24.750000000000,1.000000000000
1361111553,25.000000000000,0.999500000000
1361116993,24.750010000000,0.373030150000
1361135319,24.641120000000,1.000000000000
1361179132,24.950000000000,1.000000000000
1361179328,24.950000000000,4.604400000000
1361179329,25.230590000000,0.000025760000
1361204353,25.266070000000,0.133700000000
1361204353,25.266080000000,0.133700000000
1361204354,25.283770000000,0.133700000000
1361204354,25.283770000000,0.133700000000
1361204354,25.301470000000,0.039793020000
1361204354,25.301470000000,0.133700000000
1361204354,25.306320000000,82.253020450000
1361204354,25.306320000000,1.855286340000
1361204354,25.306320000000,5.000000000000
1361204354,25.311940000000,29.932100000000
1361204354,25.312940000000,0.110000000000
1361204354,25.313900000000,100.000000000000
1361204354,25.315790000000,1.000000000000
1361204354,25.344180000000,9.950000000000
1361204354,25.352700000000,5.000000000000
1361204354,25.363110000000,6.659800000000
1361204355,25.364000000000,3.247771690000
1361204355,25.391320000000,3.727197470000
1361204355,25.395250000000,0.035300000000
1361204355,25.400960000000,5.000000000000
1361204355,25.409480000000,13.526556620000
1361220935,24.465950000000,1.000000000000
1361239138,24.800000000000,1.000000000000
1361255786,25.045100000000,1.000000000000
1361256319,25.145100000000,1.000000000000
1361287619,26.855090000000,9.995000000000
1361287619,26.911200000000,30.000000000000
1361287619,26.923840000000,125.000000000000
1361287619,26.930160000000,0.660000000000
1361287620,26.999680000000,0.100000000000
1361287620,27.011820000000,4.679500000000
1361287621,27.037600000000,0.100000000000
1361287621,27.038610000000,4.674900000000
1361287621,27.050240000000,0.010000000000
1361287621,27.050240000000,20.000000000000
1361287621,27.074260000000,59.923500000000
1361287622,27.075520000000,0.100000000000
1361287623,27.075520000000,1.988000000000
1361287623,27.088160000000,1.377019270000
1361287623,27.103940000000,27.036524000000
1361287623,27.103940000000,30.000000000000
1361287623,27.113410000000,17.308272540000
1361436975,27.742980000000,0.093953280000
1361437207,28.141600000000,4.000000000000
1361523167,28.168310000000,0.111658020000
1361573443,29.071310000000,0.010000000000
1361573451,29.071310000000,1.709900000000
1361590692,26.975020000000,0.042737350000
1361590791,26.975020000000,2.300000000000
1361623077,26.943350000000,0.100000000000
1361630724,26.500000000000,0.100000000000
1361712922,27.430020000000,0.100000000000
1361746634,28.493520000000,2.105700000000
1361783959,28.474420000000,1.000000000000
1361783960,28.876090000000,7.200345460000
1361783960,28.876100000000,5.034555910000
1361825349,28.998150000000,29.913400000000
1361825349,28.999150000000,43.644204310000
1361825349,29.000110000000,1.010912570000
1361825350,29.000120000000,10.739745920000
1361825350,29.000120000000,0.050000000000
1361825350,29.000120000000,0.930000000000
1361825350,29.000120000000,0.030000000000
1361825350,29.000120000000,44.366412620000
1361945203,29.754580000000,1.012173290000
1361945203,29.754580000000,2.000000000000
1361945294,29.754590000000,0.752571720000
1361945297,29.754590000000,1.000000000000
1361945327,29.754590000000,1.000000000000
1361945333,29.754590000000,1.000000000000
1361945345,29.754590000000,9.694854990000
1361960283,29.830880000000,84.536392560000
1361960283,29.840320000000,2.019657570000
1361960283,29.840400000000,6.450000000000
1361960284,29.840400000000,0.151110000000
1361960284,29.840410000000,100.000000000000
1361960284,29.840410000000,106.500269550000
1361960284,29.848990000000,0.151110000000
1361960284,29.848990000000,0.151110000000
1361960284,29.849950000000,34.824324990000
1362055600,31.496610000000,4.075816760000
1362055600,31.544250000000,3.708583240000
1362081964,31.531400000000,0.848273790000
1362081977,31.242570000000,59.960400000000
1362087602,31.737010000000,0.850000000000
1362087603,31.737010000000,0.150000000000
1362096996,31.000000000000,0.154702970000
1362108569,31.000000000000,2.729300000000
1362112337,31.000000000000,0.211976340000
1362112680,31.000000000000,1.904185210000
1362112681,31.000000000000,28.562778130000
1362113137,31.000000000000,11.437057350000
1362130619,31.671080000000,0.199435050000
1362406055,33.499000000000,0.031168870000
1362406673,33.500000000000,0.180000000000
1362418979,33.990000000000,6.000000000000
1362419032,34.020010000000,0.015844670000
1362456419,34.947790000000,0.044250750000
1362485147,38.824930000000,15.260000000000
1362490816,37.344360000000,0.134400000000
1362491350,37.159930000000,0.012600000000
1362491377,37.159930000000,0.855000000000
1362502131,38.836520000000,4.600000000000
1362514309,37.931780000000,0.005577640000
1362524531,37.931780000000,0.028362920000
1362537586,39.765200000000,0.082459720000
1362537714,40.100000000000,0.371171080000
1362537739,40.100000000000,0.371171080000
1362538676,40.100000000000,1.257657840000
1362549127,41.524830000000,0.000160620000
1362549128,41.524830000000,0.000159900000
1362549128,41.524830000000,0.000159180000
1362549128,41.524830000000,0.000158450000
1362549129,41.524830000000,0.000157730000
1362549129,41.524830000000,0.000157010000
1362549130,41.524830000000,0.000156290000
1362549130,41.524830000000,0.000155560000
1362549131,41.524830000000,0.000154840000
1362549132,41.524830000000,0.000154120000
1362549132,41.524830000000,0.000153400000
1362549132,41.524830000000,0.000152670000
1362549133,41.524830000000,0.000151950000
1362549133,41.524830000000,0.000151230000
1362549133,41.524830000000,0.000150510000
1362549133,41.524830000000,0.000149780000
1362549134,41.524830000000,0.000149060000
1362549134,41.524830000000,0.000148340000
1362549134,41.524830000000,0.000147620000
1362549135,41.524830000000,0.000146900000
1362549135,41.524830000000,0.000146170000
1362549135,41.524830000000,0.000145450000
1362549135,41.524830000000,0.000144730000
1362549136,41.524830000000,0.000144010000
1362549136,41.524830000000,0.000143280000
1362549137,41.524830000000,0.000142560000
1362549137,41.524830000000,0.000141840000
1362549137,41.524830000000,0.000141120000
1362549138,41.524830000000,0.000140390000
1362549138,41.524830000000,0.000139670000
1362549139,41.524830000000,0.000138950000
1362549139,41.524830000000,0.000138230000
1362549139,41.524830000000,0.000137500000
1362549140,41.524830000000,0.000136780000
1362549140,41.524830000000,0.000136060000
1362549140,41.524830000000,0.000135340000
1362549141,41.524830000000,0.000134610000
1362549141,41.524830000000,0.000133890000
1362549142,41.524830000000,0.000133170000
1362549143,41.524830000000,0.000132450000
1362549143,41.524830000000,0.000131720000
1362549143,41.524830000000,0.000131000000
1362549144,41.524830000000,0.000130280000
1362549144,41.524830000000,0.000129560000
1362549146,41.524830000000,0.000128830000
1362549146,41.524830000000,0.000128110000
1362549146,41.524830000000,0.000127390000
1362549147,41.524830000000,0.000126670000
1362549148,41.524830000000,0.000125940000
1362549149,41.524830000000,0.000125220000
1362549150,41.524830000000,0.000124500000
1362549150,41.524830000000,0.000123780000
1362549151,41.524830000000,0.000123050000
1362549151,41.524830000000,0.000122330000
1362549152,41.524830000000,0.000121610000
1362549153,41.524830000000,0.000120890000
1362549154,41.524830000000,0.000120160000
1362549154,41.524830000000,0.000119680000
1362549155,41.524830000000,0.000119200000
1362549155,41.524830000000,0.000118720000
1362549156,41.524830000000,0.000118240000
1362549156,41.524830000000,0.000117760000
1362549156,41.524830000000,0.000117270000
1362549157,41.524830000000,0.000116790000
1362549157,41.524830000000,0.000116310000
1362549158,41.524830000000,0.000115830000
1362549158,41.524830000000,0.000115350000
1362549159,41.524830000000,0.000114870000
1362549161,41.524830000000,0.000114380000
1362549161,41.524830000000,0.000113900000
1362549162,41.524830000000,0.000113420000
1362549163,41.524830000000,0.000112940000
1362549163,41.524830000000,0.000112460000
1362549164,41.524830000000,0.000111980000
1362549164,41.524830000000,0.000111490000
1362549165,41.524830000000,0.000111010000
1362549165,41.524830000000,0.000110530000
1362549165,41.524830000000,0.000110050000
1362549166,41.524830000000,0.000109570000
1362549166,41.524830000000,0.000109090000
1362549167,41.524830000000,0.000108600000
1362549168,41.524830000000,0.000108120000
1362549168,41.524830000000,0.000107640000
1362549168,41.524830000000,0.000107160000
1362549169,41.524830000000,0.000106680000
1362549169,41.524830000000,0.000106200000
1362549170,41.524830000000,0.000105710000
1362549170,41.524830000000,0.000105230000
1362549171,41.524830000000,0.000104750000
1362549172,41.524830000000,0.000104270000
1362549172,41.524830000000,0.000103790000
1362549172,41.524830000000,0.000103310000
1362549173,41.524830000000,0.000102830000
1362549173,41.524830000000,0.000102340000
1362549174,41.524830000000,0.000101860000
1362549175,41.524830000000,0.000101380000
1362549175,41.524830000000,0.000100900000
1362549176,41.524830000000,0.000100420000
1362549180,41.524830000000,0.000099940000
1362549180,41.524830000000,0.000099450000
1362549180,41.524830000000,0.000098970000
1362549181,41.524830000000,0.000098490000
1362549181,41.524830000000,0.000098010000
1362549182,41.524830000000,0.000097530000
1362549183,41.524830000000,0.000097050000
1362549184,41.524830000000,0.000096560000
1362549184,41.524830000000,0.000096080000
1362549184,41.524830000000,0.000095600000
1362549185,41.524830000000,0.000095120000
1362549185,41.524830000000,0.000094640000
1362549186,41.524830000000,0.000094160000
1362549186,41.524830000000,0.000093670000
1362549186,41.524830000000,0.000093190000
1362549186,41.524830000000,0.000092710000
1362549187,41.524830000000,0.000092230000
1362549187,41.524830000000,0.000091750000
1362549188,41.524830000000,0.000091270000
1362549192,41.524830000000,0.000090780000
1362549194,41.524830000000,0.000090300000
1362549197,41.524830000000,0.000089820000
1362549197,41.524830000000,0.000089340000
1362549198,41.524830000000,0.000088860000
1362549199,41.524830000000,0.000088380000
1362549200,41.524830000000,0.000087890000
1362549202,41.524830000000,0.000087410000
1362549203,41.524830000000,0.000086930000
1362549204,41.524830000000,0.000086450000
1362549206,41.524830000000,0.000085970000
1362549207,41.524830000000,0.000085490000
1362549208,41.524830000000,0.000085000000
1362549209,41.524830000000,0.000084520000
1362549210,41.524830000000,0.000084040000
1362549212,41.524830000000,0.000083560000
1362549214,41.524830000000,0.000083080000
1362549218,41.524830000000,0.000082600000
1362549220,41.524830000000,0.000082110000
1362549223,41.524830000000,0.000081630000
1362549225,41.524830000000,0.000081150000
1362549227,41.524830000000,0.000080670000
1362549230,41.524830000000,0.000080190000
1362549231,41.524830000000,0.000079710000
1362549232,41.524830000000,0.000079220000
1362549232,41.524830000000,0.000078740000
1362549233,41.524830000000,0.000078260000
1362549233,41.524830000000,0.000077780000
1362549234,41.524830000000,0.000077300000
1362549235,41.524830000000,0.000076820000
1362549236,41.524830000000,0.000076330000
1362549237,41.524830000000,0.000075850000
1362549238,41.524830000000,0.000075370000
1362549239,41.524830000000,0.000074890000
1362549239,41.524830000000,0.000074410000
1362549240,41.524830000000,0.000073930000
1362549241,41.524830000000,0.000073450000
1362549242,41.524830000000,0.000072960000
1362549243,41.524830000000,0.000072480000
1362549245,41.524830000000,0.000072000000
1362549247,41.524830000000,0.000071760000
1362549249,41.524830000000,0.000071520000
1362549250,41.524830000000,0.000071280000
1362549251,41.524830000000,0.000071040000
1362549252,41.524830000000,0.000070800000
1362549253,41.524830000000,0.000070560000
1362549254,41.524830000000,0.000070310000
1362549256,41.524830000000,0.000070070000
1362549258,41.524830000000,0.000069830000
1362549259,41.524830000000,0.000069590000
1362549261,41.524830000000,0.000069350000
1362549263,41.524830000000,0.000069110000
1362549265,41.524830000000,0.000068870000
1362549268,41.524830000000,0.000068630000
1362549274,41.524830000000,0.000068390000
1362549276,41.524830000000,0.000068150000
1362549278,41.524830000000,0.000067910000
1362549278,41.524830000000,0.000067670000
1362549280,41.524830000000,0.000067420000
1362549280,41.524830000000,0.000067180000
1362549280,41.524830000000,0.000066940000
1362549281,41.524830000000,0.000066700000
1362549281,41.524830000000,0.000066460000
1362549282,41.524830000000,0.000066220000
1362549283,41.524830000000,0.000065980000
1362549284,41.524830000000,0.000065740000
1362549284,41.524830000000,0.000065500000
1362549284,41.524830000000,0.000065260000
1362549285,41.524830000000,0.000065020000
1362549285,41.524830000000,0.000064780000
1362549285,41.524830000000,0.000064530000
1362549286,41.524830000000,0.000064290000
1362549286,41.524830000000,0.000064050000
1362549286,41.524830000000,0.000063810000
1362549287,41.524830000000,0.000063570000
1362549287,41.524830000000,0.000063330000
1362549288,41.524830000000,0.000063090000
1362549289,41.524830000000,0.000062850000
1362549289,41.524830000000,0.000062610000
1362549290,41.524830000000,0.000062370000
1362549290,41.524830000000,0.000062130000
1362549290,41.524830000000,0.000061890000
1362549291,41.524830000000,0.000061640000
1362549292,41.524830000000,0.000061400000
1362549293,41.524830000000,0.000061160000
1362549294,41.524830000000,0.000060920000
1362549294,41.524830000000,0.000060680000
1362549294,41.524830000000,0.000060440000
1362549295,41.524830000000,0.000060200000
1362549295,41.524830000000,0.000059960000
1362549295,41.524830000000,0.000059720000
1362549296,41.524830000000,0.000059480000
1362549296,41.524830000000,0.000059240000
1362549296,41.524830000000,0.000059000000
1362549297,41.524830000000,0.000058760000
1362549297,41.524830000000,0.000058510000
1362549297,41.524830000000,0.000058270000
1362549298,41.524830000000,0.000058030000
1362549298,41.524830000000,0.000057790000
1362549299,41.524830000000,0.000057550000
1362549299,41.524830000000,0.000057310000
1362549300,41.524830000000,0.000057070000
1362549302,41.524830000000,0.000056830000
1362549304,41.524830000000,0.000056590000
1362549308,41.524830000000,0.000056350000
1362549310,41.524830000000,0.000056110000
1362549311,41.524830000000,0.000055870000
1362549312,41.524830000000,0.000055620000
1362549313,41.524830000000,0.000055380000
1362549314,41.524830000000,0.000055140000
1362549314,41.524830000000,0.000054900000
1362549315,41.524830000000,0.000054660000
1362549316,41.524830000000,0.000054420000
1362549316,41.524830000000,0.000054180000
1362549317,41.524830000000,0.000053940000
1362549317,41.524830000000,0.000053700000
1362549318,41.524830000000,0.000053460000
1362549318,41.524830000000,0.000053220000
1362549318,41.524830000000,0.000052980000
1362549319,41.524830000000,0.000052730000
1362549319,41.524830000000,0.000052490000
1362549320,41.524830000000,0.000052250000
1362549320,41.524830000000,0.000052010000
1362549320,41.524830000000,0.000051770000
1362549321,41.524830000000,0.000051530000
1362549322,41.524830000000,0.000051290000
1362549323,41.524830000000,0.000051050000
1362549324,41.524830000000,0.000050810000
1362549324,41.524830000000,0.000050570000
1362549324,41.524830000000,0.000050330000
1362549325,41.524830000000,0.000050090000
1362549326,41.524830000000,0.000049840000
1362549327,41.524830000000,0.000049600000
1362549330,41.524830000000,0.000049360000
1362549332,41.524830000000,0.000049120000
1362549332,41.524830000000,0.000048880000
1362549332,41.524830000000,0.000048640000
1362549333,41.524830000000,0.000048400000
1362549333,41.524830000000,0.000048160000
1362549333,41.524830000000,0.000047920000
1362549334,41.524830000000,0.000047680000
1362549334,41.524830000000,0.000047440000
1362549334,41.524830000000,0.000047200000
1362549334,41.524830000000,0.000046950000
1362549335,41.524830000000,0.000046710000
1362549335,41.524830000000,0.000046470000
1362549335,41.524830000000,0.000046230000
1362549336,41.524830000000,0.000045990000
1362549336,41.524830000000,0.000045750000
1362549337,41.524830000000,0.000045510000
1362549337,41.524830000000,0.000045270000
1362549337,41.524830000000,0.000045030000
1362549338,41.524830000000,0.000044790000
1362549338,41.524830000000,0.000044550000
1362549338,41.524830000000,0.000044310000
1362549339,41.524830000000,0.000044070000
1362549339,41.524830000000,0.000043820000
1362549339,41.524830000000,0.000043580000
1362549340,41.524830000000,0.000043340000
1362549340,41.524830000000,0.000043100000
1362549340,41.524830000000,0.000042860000
1362549341,41.524830000000,0.000042620000
1362549341,41.524830000000,0.000042380000
1362549342,41.524830000000,0.000042140000
1362549342,41.524830000000,0.000041900000
1362549343,41.524830000000,0.000041660000
1362549343,41.524830000000,0.000041420000
1362549344,41.524830000000,0.000041180000
1362549345,41.524830000000,0.000040930000
1362549346,41.524830000000,0.000040690000
1362549347,41.524830000000,0.000040450000
1362549347,41.524830000000,0.000040210000
1362549347,41.524830000000,0.000039970000
1362549348,41.524830000000,0.000039730000
1362549348,41.524830000000,0.000039490000
1362549349,41.524830000000,0.000039250000
1362549349,41.524830000000,0.000039010000
1362549349,41.524830000000,0.000038770000
1362549350,41.524830000000,0.000038530000
1362549350,41.524830000000,0.000038290000
1362549350,41.524830000000,0.000038040000
1362549351,41.524830000000,0.000037800000
1362549351,41.524830000000,0.000037560000
1362549351,41.524830000000,0.000037320000
1362549352,41.524830000000,0.000037080000
1362549352,41.524830000000,0.000036840000
1362549353,41.524830000000,0.000036600000
1362549353,41.524830000000,0.000036360000
1362549353,41.524830000000,0.000036120000
1362549354,41.524830000000,0.000035880000
1362549354,41.524830000000,0.000035640000
1362549355,41.524830000000,0.000035400000
1362549356,41.524830000000,0.000035150000
1362549356,41.524830000000,0.000034910000
1362549356,41.524830000000,0.000034670000
1362549357,41.524830000000,0.000034430000
1362549357,41.524830000000,0.000034190000
1362549357,41.524830000000,0.000033950000
1362549357,41.524830000000,0.000033710000
1362549358,41.524830000000,0.000033470000
1362549358,41.524830000000,0.000033230000
1362549358,41.524830000000,0.000032990000
1362549359,41.524830000000,0.000032750000
1362549359,41.524830000000,0.000032510000
1362549360,41.524830000000,0.000032260000
1362549360,41.524830000000,0.000032020000
1362549360,41.524830000000,0.000031780000
1362549362,41.524830000000,0.000031540000
1362549362,41.524830000000,0.000031300000
1362549363,41.524830000000,0.000031060000
1362549364,41.524830000000,0.000030820000
1362549365,41.524830000000,0.000030580000
1362549366,41.524830000000,0.000030340000
1362549366,41.524830000000,0.000030100000
1362549367,41.524830000000,0.000029860000
1362549368,41.524830000000,0.000029620000
1362549368,41.524830000000,0.000029380000
1362549369,41.524830000000,0.000029130000
1362549369,41.524830000000,0.000028890000
1362549370,41.524830000000,0.000028650000
1362549371,41.524830000000,0.000028410000
1362549371,41.524830000000,0.000028170000
1362549372,41.524830000000,0.000027930000
1362549372,41.524830000000,0.000027690000
1362549373,41.524830000000,0.000027450000
1362549374,41.524830000000,0.000027210000
1362549374,41.524830000000,0.000026970000
1362549374,41.524830000000,0.000026730000
1362549374,41.524830000000,0.000026490000
1362549375,41.524830000000,0.000026240000
1362549375,41.524830000000,0.000026000000
1362549376,41.524830000000,0.000025760000
1362549376,41.524830000000,0.000025520000
1362549377,41.524830000000,0.000025280000
1362549378,41.524830000000,0.000025040000
1362549378,41.524830000000,0.000024800000
1362549379,41.524830000000,0.000024560000
1362549379,41.524830000000,0.000024320000
1362549379,41.524830000000,0.000024080000
1362549380,41.524830000000,0.000023840000
1362549381,41.524830000000,0.000023600000
1362549382,41.524830000000,0.000023350000
1362549382,41.524830000000,0.000023110000
1362549384,41.524830000000,0.000022870000
1362549385,41.524830000000,0.000022630000
1362549385,41.524830000000,0.000022390000
1362549386,41.524830000000,0.000022150000
1362549387,41.524830000000,0.000021910000
1362549389,41.524830000000,0.000021670000
1362549390,41.524830000000,0.000021430000
1362549390,41.524830000000,0.000021190000
1362549390,41.524830000000,0.000020950000
1362549391,41.524830000000,0.000020710000
1362549391,41.524830000000,0.000020460000
1362549391,41.524830000000,0.000020220000
1362549391,41.524830000000,0.000019980000
1362549392,41.524830000000,0.000019740000
1362549392,41.524830000000,0.000019500000
1362549392,41.524830000000,0.000019260000
1362549393,41.524830000000,0.000019020000
1362549393,41.524830000000,0.000018780000
1362549393,41.524830000000,0.000018540000
1362549394,41.524830000000,0.000018300000
1362549394,41.524830000000,0.000018060000
1362549394,41.524830000000,0.000017820000
1362549395,41.524830000000,0.000017570000
1362549395,41.524830000000,0.000017330000
1362549395,41.524830000000,0.000017090000
1362549395,41.524830000000,0.000016850000
1362549396,41.524830000000,0.000016610000
1362549397,41.524830000000,0.000016370000
1362549397,41.524830000000,0.000016130000
1362549398,41.524830000000,0.000015890000
1362549398,41.524830000000,0.000015650000
1362549398,41.524830000000,0.000015410000
1362549398,41.524830000000,0.000015170000
1362549399,41.524830000000,0.000014930000
1362549399,41.524830000000,0.000014690000
1362549399,41.524830000000,0.000014440000
1362549399,41.524830000000,0.000014200000
1362549400,41.524830000000,0.000013960000
1362549400,41.524830000000,0.000013720000
1362549400,41.524830000000,0.000013480000
1362549401,41.524830000000,0.000013240000
1362549401,41.524830000000,0.000013000000
1362549401,41.524830000000,0.000012760000
1362549402,41.524830000000,0.000012520000
1362549402,41.524830000000,0.000012280000
1362549402,41.524830000000,0.000012040000
1362549402,41.524830000000,0.000011800000
1362549403,41.524830000000,0.000011550000
1362549403,41.524830000000,0.000011310000
1362549403,41.524830000000,0.000011070000
1362549404,41.524830000000,0.000010830000
1362549404,41.524830000000,0.000010590000
1362549405,41.524830000000,0.000010350000
1362549405,41.524830000000,0.000010110000
1362549418,41.524830000000,0.000009870000
1362549419,41.524830000000,0.000009630000
1362549425,41.524830000000,0.000009390000
1362549426,41.524830000000,0.000009150000
1362550084,41.524830000000,0.971855290000
1362553570,43.107200000000,0.021675960000
1362561454,43.462510000000,0.470266870000
1362602678,43.742200000000,0.234960140000
1362606792,44.638420000000,0.017294290000
1362615186,37.100000000000,0.049269340000
1362615219,37.100000000000,5.550730660000
1362617251,33.960640000000,20.500000000000
1362617315,33.960640000000,1.604207770000
1362617351,33.960640000000,47.869592230000
1362619099,33.982960000000,12.921400000000
1362619124,34.542580000000,12.958381380000
1362619126,34.542580000000,0.044418620000
1362625906,41.651770000000,69.991100000000
1362636021,39.417400000000,0.397470530000
1362636022,39.417400000000,0.397470530000
1362645339,40.706880000000,0.040119570000
1362651468,42.489470000000,4.463458820000
1362698825,39.509090000000,0.545765080000
1362712734,40.408800000000,0.212298800000
1362783097,41.877260000000,0.055102050000
1362783097,42.667020000000,11.944897950000
1362796783,41.466210000000,1.200000000000
1362817254,42.409570000000,0.010981620000
1362840211,41.733620000000,5.500000000000
1362850501,42.819960000000,2.738030000000
1362850501,42.671340000000,0.261970000000
1362938294,44.197150000000,0.500000000000
1362941537,43.526700000000,8.730300000000
1362941537,43.220290000000,1.900000000000
1362941537,43.076830000000,0.774600000000
1362941537,42.995400000000,4.677200000000
1362950888,43.393170000000,1.335738330000
1362950888,43.393170000000,20.000000000000
1362950950,43.393170000000,3.000000000000
1362951369,43.393170000000,0.027000020000
1362951813,43.393170000000,0.100000000000
1362951998,43.393170000000,14.661900000000
1362952464,43.393170000000,2.710361650000
1362964413,44.501540000000,1.000000000000
1362974429,43.717930000000,1.000000000000
1362975871,44.809880000000,0.950000000000
1362975951,44.809880000000,0.019300000000
1362975966,44.809880000000,0.000477570000
1362990882,46.000000000000,0.856077160000
1362990967,46.000010000000,0.123500000000
1362991091,46.000010000000,0.123500000000
1362991215,46.000010000000,0.123500000000
1362991264,46.000010000000,0.773422840000
1363026619,45.996480000000,0.990000000000
1363026695,46.147200000000,2.410000000000
1363026695,46.147200000000,0.084094800000
1363038104,45.487370000000,0.080000000000
1363051117,43.950010000000,0.366859150000
1363051117,43.950010000000,0.366859150000
1363051117,43.950010000000,0.014930370000
1363052395,42.194530000000,12.952500000000
1363053437,42.700430000000,69.912900000000
1363064313,42.256330000000,0.532135980000
1363077888,40.469290000000,0.140000000000
1363077891,40.469290000000,0.140000000000
1363077898,40.469290000000,0.140000000000
1363077905,40.469290000000,10.000000000000
1363078144,40.469290000000,2.493900000000
1363086827,43.873470000000,4.320000000000
1363087217,43.292120000000,1.490000000000
1363120337,43.103430000000,0.317662240000
1363121714,43.950010000000,0.309986050000
1363138561,42.552370000000,0.566708380000
1363138563,43.618630000000,0.366955600000
1363138563,43.618630000000,0.183356280000
1363168926,44.377650000000,0.868030310000
1363168926,44.758850000000,13.012500000000
1363168926,44.759850000000,52.925876870000
1363175625,43.950010000000,0.183560730000
1363175625,43.950010000000,0.366743470000
1363181358,44.300570000000,0.097405760000
1363226866,45.063940000000,0.023892760000
1363267533,44.927320000000,1.481060000000
1363268854,45.314860000000,0.155940970000
1363275003,46.109720000000,0.217339990000
1363275004,46.327220000000,0.905870970000
1363296554,45.652380000000,0.010188390000
1363296554,45.708460000000,0.127048310000
1363296554,45.718190000000,0.182580260000
1363296555,45.910760000000,0.680183040000
1363301645,44.422990000000,5.000000000000
1363514170,45.000000000000,0.042612030000
1363623553,45.678270000000,0.013185000000
1363633452,45.383700000000,25.000000000000
1363633562,44.771100000000,0.194253650000
1363633571,44.770000000000,0.097852730000
1363633575,44.770000000000,0.017704590000
1363633576,44.770000000000,0.049168070000
1363633578,44.770000000000,0.031951970000
1363636189,46.177510000000,0.022191890000
1363636189,46.204370000000,0.679961000000
1363638555,45.000000000000,1.000000000000
1363638559,45.000000000000,1.000000000000
1363638566,45.000000000000,8.000000000000
1363638568,45.000000000000,1.000000000000
1363638575,45.000000000000,1.000000000000
1363638948,45.000000000000,1.000000000000
1363638956,45.000000000000,1.000000000000
1363638967,45.000000000000,1.000000000000
1363638977,45.000000000000,1.000000000000
1363639404,45.000000000000,1.000000000000
1363639407,45.000000000000,1.000000000000
1363639410,45.000000000000,1.000000000000
1363639429,45.000000000000,1.000000000000
1363648791,46.500000000000,2.239682650000
1363650154,48.000000000000,2.000000000000
1363652206,48.153060000000,19.982400000000
1363663238,49.122630000000,0.021400000000
1363663271,49.122630000000,19.913300000000
1363672507,49.019020000000,0.020809470000
1363675601,49.019020000000,0.091737730000
1363682875,49.060470000000,13.147700000000
1363682875,49.055720000000,0.055923550000
1363682884,49.000000000000,1.796376450000
1363687481,49.929990000000,0.016974130000
1363705689,55.000000000000,4.939999990000
1363706581,56.369360000000,2.000000000000
1363706581,57.047090000000,2.757915960000
1363707838,55.809520000000,19.016107850000
1363707838,56.032550000000,10.931492150000
1363707895,55.916660000000,1.651490000000
1363707895,56.087910000000,0.089510550000
1363712764,53.893750000000,0.034800000000
1363719214,55.322490000000,10.000000000000
1363727880,54.810000000000,1.691939970000
1363728768,54.249320000000,1.000000000000
1363728780,54.249320000000,1.000000000000
1363728799,54.249320000000,1.000000000000
1363728811,54.249320000000,1.000000000000
1363728833,54.249320000000,0.290710000000
1363728846,54.249320000000,1.000000000000
1363729450,53.447400000000,0.026600000000
1363729558,53.239390000000,1.000000000000
1363729558,53.169700000000,13.000000000000
1363771039,56.018830000000,0.072054490000
1363773477,55.338600000000,0.200000000000
1363781064,55.429190000000,12.000000000000
1363784472,57.566750000000,0.191100000000
1363784482,57.566750000000,0.000005210000
1363795898,59.000000000000,12.000000000000
1363796819,61.252440000000,0.040500000000
1363796819,61.457600000000,19.959500000000
1363803709,61.901290000000,0.994000000000
1363803709,61.910970000000,1.017859480000
1363803709,61.910970000000,0.324432300000
1363803712,61.910970000000,4.124608220000
1363810576,59.588090000000,1.065232240000
1363810576,59.442790000000,3.934767760000
1363845333,61.324630000000,1.283445650000
1363845333,61.139810000000,1.145512930000
1363853033,62.000000000000,1.000000000000
1363853044,62.000000000000,0.002400000000
1363854488,62.827040000000,0.024282120000
1363854488,63.639370000000,31.688541540000
1363854489,63.644110000000,0.010000000000
1363854489,63.644120000000,18.277176340000
1363854590,63.678070000000,0.010359960000
1363854590,63.678080000000,1.000000000000
1363854591,63.729200000000,0.678319150000
1363854591,63.729200000000,1.269455370000
1363854591,63.729200000000,1.269467620000
1363854591,63.729200000000,1.269775140000
1363854591,63.729200000000,1.269787320000
1363854591,63.729200000000,1.270628810000
1363854591,63.742240000000,0.010014420000
1363854591,63.742250000000,27.292941180000
1363854593,63.748060000000,0.250000000000
1363854593,63.756810000000,8.187882350000
1363854593,63.756810000000,2.456364710000
1363854593,63.758120000000,5.000000000000
1363854593,63.765180000000,5.000000000000
1363854594,63.771370000000,43.765003970000
1363854636,63.771370000000,100.000000000000
1363854652,63.771370000000,100.000000000000
1363854732,63.758210000000,0.866042910000
1363854733,63.771370000000,155.944157090000
1363855085,63.764190000000,3.404462370000
1363855085,63.764200000000,0.010000000000
1363855085,63.771370000000,153.395737630000
1363855222,63.678080000000,1.016944870000
1363855223,63.771370000000,81.125279250000
1363859335,64.742610000000,0.719962930000
1363859335,64.839390000000,99.061173110000
1363859335,64.839390000000,16.000000000000
1363859335,64.839390000000,5.000000000000
1363859335,64.840480000000,0.250000000000
1363859335,64.853550000000,0.065186960000
1363859335,64.855580000000,1.492164720000
1363859336,64.875830000000,0.140000000000
1363859336,64.893580000000,1.500000000000
1363859336,64.893730000000,0.055545310000
1363859336,64.905320000000,0.250000000000
1363859336,64.922850000000,0.586600000000
1363859336,64.925320000000,1.000000000000
1363859336,64.936160000000,119.000000000000
1363859336,64.936160000000,30.000000000000
1363859336,64.953500000000,0.026588130000
1363859336,64.970230000000,0.250000000000
1363859336,64.990360000000,1.500000000000
1363859336,65.020990000000,0.150000000000
1363859336,65.021030000000,2.200000000000
1363859336,65.023260000000,10.000000000000
1363859336,65.032940000000,0.100000000000
1363859337,65.035200000000,0.250000000000
1363859337,65.042900000000,0.045430000000
1363859337,65.100230000000,0.250000000000
1363859337,65.100680000000,7.432700000000
1363859337,65.109390000000,1.000000000000
1363859337,65.129710000000,0.100000000000
1363859337,65.129710000000,30.000000000000
1363859337,65.153450000000,19.684691830000
1363859337,65.165330000000,0.250000000000
1363859337,65.166160000000,0.150000000000
1363859337,65.197450000000,0.250000000000
1363859337,65.214580000000,2.200000000000
1363859337,65.226480000000,0.100000000000
1363859337,65.226490000000,0.100000000000
1363859337,65.226490000000,50.000000000000
1363859337,65.226490000000,60.000000000000
1363859337,65.230500000000,0.250000000000
1363859338,65.262590000000,1.730620000000
1363859338,65.271130000000,0.026588130000
1363859338,65.274870000000,1.000000000000
1363859338,65.274870000000,10.000000000000
1363859338,65.274870000000,5.000000000000
1363859338,65.290110000000,0.036778000000
1363859338,65.294230000000,1.000000000000
1363859338,65.295730000000,0.250000000000
1363859338,65.311320000000,0.150000000000
1363859338,65.323250000000,50.000000000000
1363859338,65.323260000000,0.100000000000
1363859338,65.323260000000,0.100100000000
1363859338,65.323260000000,1.000000000000
1363859338,65.323260000000,0.100000000000
1363859338,65.323260000000,0.497775320000
1363859338,65.323260000000,9.000000000000
1363859338,65.323270000000,59.682000010000
1363859339,65.342620000000,0.792814400000
1363859339,65.361020000000,0.250000000000
1363859339,65.408130000000,2.200000000000
1363859339,65.420040000000,10.073806130000
1363885642,68.319300000000,0.151560620000
1363888888,68.920150000000,2.000000000000
1363932250,67.903870000000,0.141792180000
1363934179,67.362730000000,0.072611430000
1363938065,68.259070000000,1.739518140000
1363938065,68.259080000000,0.397981860000
1363938078,68.259080000000,0.028400000000
1363938134,68.259080000000,10.000000000000
1363938586,69.183110000000,10.000000000000
1363939219,67.942960000000,0.100000000000
1363939271,67.942960000000,0.010000000000
1363939527,66.670000000000,10.000000000000
1363941123,67.942960000000,0.132400000000
1363942923,69.321140000000,0.202058150000
1363942924,69.321150000000,2.167730100000
1363942925,69.398890000000,0.299542370000
1363943081,69.398890000000,0.786169380000
