430000
1387410836,547.910180000000,0.069586310000
1387410836,548.625000000000,0.062999990000
1387410836,548.682500000000,0.009999990000
1387410836,548.800000000000,0.250000000000
1387410836,548.821260000000,0.023554120000
1387410836,550.000000000000,16.393338000000
1387410836,550.000000000000,0.100000000000
1387410836,550.000000000000,2.000000000000
1387410836,550.000000000000,0.395890260000
1387410837,544.495000000000,0.100678570000
1387410837,550.000000000000,0.604109740000
1387410838,550.000000000000,0.500000000000
1387410838,550.927000000000,0.058999990000
1387410838,551.770000000000,0.500000000000
1387410838,552.082000000000,0.057999990000
1387410838,552.623030000000,0.010051590000
1387410838,553.000000000000,1.000000000000
1387410838,553.239000000000,0.074999990000
1387410838,553.335240000000,0.010052870000
1387410838,553.724730000000,0.035558860000
1387410838,554.000000000000,8.295662340000
1387410838,554.398000000000,0.075000000000
1387410838,554.970000000000,0.115996990000
1387410838,554.999990000000,3.212536970000
1387410839,554.999990000000,0.010000000000
1387410844,548.816260000000,0.010000000000
1387410844,548.816260000000,0.010000000000
1387410845,551.083800000000,0.010000000000
1387410848,551.083800000000,0.010000000000
1387410850,551.083800000000,0.010000000000
1387410851,548.816240000000,0.010000000000
1387410854,551.083800000000,0.010000000000
1387410854,548.814580000000,0.010000000000
1387410855,545.005000000000,0.641740630000
1387410855,545.000000000000,0.158259370000
1387410855,548.814580000000,0.000999990000
1387410855,551.083800000000,0.009000010000
1387410859,551.083800000000,0.010000000000
1387410861,551.083800000000,0.010000000000
1387410865,551.083800000000,0.010000000000
1387410867,551.083800000000,0.010000000000
1387410869,551.083800000000,0.010000000000
1387410870,551.083800000000,0.050999960000
1387410870,554.375000000000,0.076999990000
1387410870,554.676180000000,0.069165870000
1387410871,554.994990000000,0.066225790000
1387410871,554.998330000000,0.011000000000
1387410871,554.999990000000,3.097635130000
1387410877,554.994990000000,0.010000000000
1387410877,554.994990000000,0.010000000000
1387410884,554.994990000000,0.010000000000
1387410892,545.285000000000,0.012190000000
1387410898,554.374980000000,0.010000000000
1387410901,554.374980000000,0.003220830000
1387410902,554.375000000000,0.006779170000
1387410906,554.375000000000,0.010000000000
1387410911,545.285010000000,0.022362980000
1387410912,545.285000000000,0.064810000000
1387410912,545.005080000000,0.099535490000
1387410912,545.005000000000,0.063291530000
1387410916,545.005000000000,0.250000000000
1387410919,545.005000000000,0.132531090000
1387410922,548.814580000000,0.010000000000
1387410939,548.000000000000,0.010000000000
1387410956,548.000000000000,0.010000000000
1387410968,544.500000000000,0.150829570000
1387410969,543.537500000000,0.053487970000
1387410972,541.000000000000,0.010000000000
1387410972,541.000000000000,0.810726660000
1387410974,548.000000000000,0.010000000000
1387410993,547.999980000000,0.009999980000
1387410993,548.000000000000,0.000000020000
1387411009,546.887920000000,0.010000000000
1387411014,546.887920000000,0.007779420000
1387411014,548.000000000000,0.002220580000
1387411041,546.995000000000,0.010000000000
1387411041,546.995000000000,0.384553830000
1387411041,547.000000000000,1.272598170000
1387411051,547.000000000000,0.010000000000
1387411061,546.995000000000,0.010000000000
1387411077,546.980000000000,0.010000000000
1387411083,546.970000000000,0.010000000000
1387411092,546.950000000000,0.010000000000
1387411101,546.939990000000,0.010000000000
1387411111,546.919990000000,0.010000000000
1387411149,546.914900000000,0.010000000000
1387411166,542.245000000000,0.183671350000
1387411167,541.005000000000,0.635807030000
1387411167,541.000010000000,1.168521620000
1387411225,541.210000000000,0.020153690000
1387411226,541.205010000000,2.161180350000
1387411232,546.914900000000,0.010000000000
1387411232,546.914900000000,0.190661220000
1387411232,546.919900000000,1.447362530000
1387411233,548.000000000000,0.067779400000
1387411233,548.489000000000,0.029000000000
1387411233,548.814580000000,0.265196850000
1387411233,541.210010000000,0.091121080000
1387411250,548.000000000000,0.010000000000
1387411255,541.210020000000,0.012834320000
1387411255,541.210010000000,0.030905840000
1387411257,544.000000000000,0.100000000000
1387411276,544.000000000000,0.010000000000
1387411287,544.000000000000,0.250000000000
1387411290,544.000000000000,0.010000000000
1387411292,544.000000000000,0.250000000000
1387411296,544.000000000000,0.010000000000
1387411296,544.000000000000,5.981773920000
1387411297,547.995000000000,0.426163400000
1387411297,547.999980000000,0.009999980000
1387411297,548.000000000000,0.140000000000
1387411297,548.000000000000,2.832590700000
1387411301,548.000000000000,0.010000000000
1387411310,547.995000000000,0.010000000000
1387411315,547.995000000000,0.010000000000
1387411326,542.010010000000,0.628104100000
1387411326,542.005010000000,1.169895900000
1387411331,547.995000000000,0.267155450000
1387411331,547.995000000000,0.032999990000
1387411331,547.995000000000,0.032999990000
1387411331,547.995000000000,0.032999990000
1387411331,547.995000000000,0.032999990000
1387411332,547.995000000000,0.032999990000
1387411332,547.995000000000,0.032999990000
1387411332,547.995000000000,0.032999990000
1387411332,548.000000000000,3.157409300000
1387411332,548.509000000000,0.011999990000
1387411332,548.814580000000,0.321803130000
1387411332,549.371010000000,0.182569300000
1387411332,549.661000000000,0.038999980000
1387411333,549.869770000000,8.949510920000
1387411334,549.869770000000,0.010000000000
1387411342,547.995000000000,0.010000000000
1387411353,547.995000000000,0.022999990000
1387411354,549.682000000000,0.058999990000
1387411354,549.864770000000,0.044032640000
1387411366,549.863110000000,0.010999990000
1387411366,549.864770000000,0.370451370000
1387411366,549.868110000000,0.010999980000
1387411367,549.869770000000,4.540695790000
1387411367,549.869770000000,1.166620180000
1387411367,549.999900000000,0.181818180000
1387411367,550.000000000000,0.994005490000
1387411367,550.000000000000,2.667231020000
1387411369,550.000000000000,0.010000000000
1387411370,549.995000000000,0.244659820000
1387411370,550.000000000000,16.971854530000
1387411370,550.000000000000,0.010000000000
1387411373,550.000000000000,0.010000000000
1387411377,550.000000000000,0.010000000000
1387411380,549.772000000000,0.013999990000
1387411380,550.000000000000,1.986000010000
1387411380,550.000000000000,0.010000000000
1387411384,549.850000000000,0.010000000000
1387411387,549.850000000000,2.490000000000
1387411387,549.995000000000,0.193651870000
1387411387,549.999980000000,0.009999980000
1387411387,550.000000000000,11.115823150000
1387411389,550.000000000000,0.010000000000
1387411400,549.772000000000,0.010000000000
1387411402,549.772000000000,0.003999990000
1387411402,549.985000000000,0.165531790000
1387411402,549.990000000000,2.500000000000
1387411402,549.999900000000,0.181818180000
1387411402,550.000000000000,126.351091310000
1387411402,550.000000000000,2.051154840000
1387411406,550.836000000000,0.010000000000
1387411409,550.000000000000,0.081000000000
1387411411,550.836000000000,0.010000000000
1387411415,551.780280000000,0.010000000000
1387411420,550.000000000000,0.010000000000
1387411433,549.995000000000,0.010000000000
1387411438,549.995000000000,0.010000000000
1387411443,549.994980000000,0.009999980000
1387411443,551.780280000000,0.000000020000
1387411448,551.780280000000,0.010000000000
1387411457,547.996660000000,0.250000000000
1387411462,551.780280000000,0.010000000000
1387411466,547.996660000000,0.037069330000
1387411469,547.990000000000,0.010000000000
1387411476,547.990000000000,0.010000000000
1387411489,545.000000000000,1.000000000000
1387411489,544.200000000000,0.424067070000
1387411490,547.990000000000,0.010000000000
1387411495,547.990000000000,0.180685160000
1387411496,547.996660000000,0.009999990000
1387411496,550.000000000000,0.000000010000
1387411502,550.000000000000,0.010000000000
1387411505,550.000000000000,0.010000000000
1387411509,550.000000000000,0.010000000000
1387411514,550.000000000000,0.010000000000
1387411520,550.000000000000,0.010000000000
1387411527,549.995000000000,0.010000000000
1387411533,549.995000000000,0.010000000000
1387411536,549.995000000000,0.010000000000
1387411542,549.995000000000,0.010000000000
1387411547,549.995000000000,0.010000000000
1387411552,549.995000000000,0.010000000000
1387411557,549.995000000000,0.010000000000
1387411561,549.995000000000,0.121837530000
1387411561,550.000000000000,3.244874510000
1387411562,551.780280000000,0.039345820000
1387411563,552.145000000000,0.062000000000
1387411563,553.193000000000,0.077000000000
1387411563,553.612380000000,2.821654180000
1387411565,550.000000000000,0.133053080000
1387411571,553.622400000000,0.010000000000
1387411573,550.000000000000,14.000000000000
1387411579,553.612400000000,0.010000000000
1387411586,553.324000000000,0.010000000000
1387411602,550.000000000000,0.010000000000
1387411602,553.324000000000,0.010000000000
1387411611,553.000000000000,0.010000000000
1387411620,550.000000000000,0.050000000000
1387411626,553.000000000000,0.010000000000
1387411630,553.000000000000,0.980000000000
1387411630,553.319000000000,0.065439560000
1387411631,553.324000000000,0.048000000000
1387411631,553.324000000000,0.596999990000
1387411631,553.324000000000,0.596999990000
1387411631,553.609890000000,5.115899990000
1387411631,553.622400000000,4.964999970000
1387411631,554.000000000000,10.000000000000
1387411631,554.000000000000,1.000000000000
1387411631,554.120000000000,1.500000000000
1387411631,554.370000000000,0.250000000000
1387411632,554.375000000000,0.060220830000
1387411632,555.000000000000,7.761791560000
1387411638,554.990000000000,0.010000000000
1387411641,554.990000000000,0.010000000000
1387411648,554.979990000000,0.010000000000
1387411664,554.580000000000,0.010000000000
1387411670,554.575000000000,0.064998820000
1387411671,554.580000000000,19.935001180000
1387411675,554.580000000000,0.010000000000
1387411687,554.575000000000,0.054485900000
1387411687,554.580000000000,0.580403020000
1387411688,554.580000000000,0.010000000000
1387411689,550.005000000000,0.050000000000
1387411695,554.580000000000,0.010000000000
1387411700,554.990000000000,0.010000000000
1387411718,552.080000000000,0.050000000000
1387411722,554.964990000000,0.010000000000
1387411727,554.954990000000,0.010000000000
1387411729,554.954990000000,1.124713710000
1387411732,554.954980000000,0.037965060000
1387411733,554.944980000000,0.010000000000
1387411734,552.426000000000,0.062000000000
1387411734,552.080000000000,0.479799990000
1387411734,552.080000000000,0.458200010000
1387411736,552.080000000000,0.069967200000
1387411738,552.080000000000,0.012190000000
1387411749,552.080000000000,0.167842780000
1387411754,554.924960000000,0.010000000000
1387411755,554.924950000000,5.390380790000
1387411755,554.924960000000,14.609619210000
1387411758,554.964990000000,0.010000000000
1387411765,553.000000000000,0.250000000000
1387411767,554.964990000000,0.033170720000
1387411767,554.990000000000,0.942600240000
1387411767,554.990000000000,0.010000000000
1387411772,554.954990000000,0.010000000000
1387411786,554.990000000000,0.010000000000
1387411794,554.980000000000,0.010000000000
1387411795,553.000000000000,0.050000000000
1387411795,553.000000000000,0.250000000000
1387411813,554.970000000000,0.010000000000
1387411814,554.970000000000,0.345073030000
1387411818,554.990000000000,0.010000000000
1387411820,554.990000000000,10.896399750000
1387411820,555.000000000000,2.238208430000
1387411820,555.000000000000,1.000000000000
1387411820,555.000000000000,35.000000000000
1387411820,555.000000000000,0.200000000000
1387411820,556.000000000000,15.000000000000
1387411821,556.345060000000,0.035558870000
1387411821,556.850600000000,0.035558860000
1387411821,556.937000000000,0.060999990000
1387411821,556.970000000000,0.115580000000
1387411821,557.000000000000,5.000000000000
1387411822,557.602930000000,0.035558870000
1387411822,557.891000000000,0.074999990000
1387411822,557.958300000000,0.011000000000
1387411822,557.958300000000,0.011000000000
1387411822,558.000000000000,0.445700600000
1387411822,558.000000000000,1.000000000000
1387411822,558.000000000000,2.339433760000
1387411824,558.000000000000,0.010000000000
1387411827,558.000000000000,0.010000000000
1387411829,558.000000000000,7.640566240000
1387411829,558.594280000000,0.068926250000
1387411829,558.926480000000,0.016239990000
1387411829,558.970000000000,0.115166990000
1387411829,558.989900000000,5.930934890000
1387411837,558.104000000000,0.010000000000
1387411840,554.005000000000,0.050000000000
1387411855,558.104000000000,0.010000000000
1387411875,558.104000000000,0.010000000000
1387411884,557.000000000000,0.250000000000
1387411886,558.000000000000,0.010000000000
1387411894,558.000000000000,0.010000000000
1387411903,557.150000000000,0.010000000000
1387411912,557.150000000000,0.010000000000
1387411914,557.000000000000,0.250000000000
1387411919,557.150000000000,0.010000000000
1387411931,557.150000000000,0.010000000000
1387411938,557.150000000000,0.010000000000
1387411944,557.000000000000,0.250000000000
1387411945,557.150000000000,0.003000000000
1387411945,557.150000000000,0.007000000000
1387411958,557.000000000000,0.002136450000
1387411959,557.000000000000,0.033000000000
1387411961,557.000000000000,0.010000000000
1387411965,557.000000000000,0.010000000000
1387411968,557.000000000000,0.000663540000
1387411968,557.150000000000,0.009336460000
1387411973,557.150000000000,0.010000000000
1387411979,557.150000000000,0.006663540000
1387411979,557.150000000000,0.003336460000
1387411983,557.150000000000,0.010000000000
1387411986,557.150000000000,0.010000000000
1387411989,557.150000000000,0.009663540000
1387411989,558.500000000000,0.000336460000
1387411993,555.000000000000,0.000013420000
1387411993,554.316000000000,0.060999990000
1387411994,554.005000000000,0.581810310000
1387411994,554.000000000000,1.522648730000
1387411995,558.485000000000,0.010000000000
1387412004,558.470000000000,0.010000000000
1387412007,558.470000000000,0.010000000000
1387412010,558.000000000000,0.499305090000
1387412010,558.470000000000,0.000694910000
1387412013,558.470000000000,0.010000000000
1387412018,558.464000000000,0.010000000000
1387412022,558.449000000000,9.547322400000
1387412027,558.449000000000,0.010000000000
1387412035,554.316000000000,0.060999990000
1387412040,554.316000000000,0.061000000000
1387412057,554.316000000000,0.010000000000
1387412062,554.316000000000,0.061000000000
1387412088,554.000000000000,0.500000000000
1387412089,554.316000000000,0.010000000000
1387412099,554.316000000000,0.046999980000
1387412103,557.995000000000,0.230665850000
1387412103,557.997500000000,21.560603650000
1387412106,557.985000000000,0.010000000000
1387412111,557.980000000000,0.010000000000
1387412112,555.000000000000,2.500000000000
1387412112,554.316000000000,7.500000000000
1387412112,554.316000000000,0.037383180000
1387412121,557.440000000000,0.010000000000
1387412129,554.321000000000,0.630401860000
1387412129,554.316000000000,2.415616830000
1387412129,554.250000000000,3.953981310000
1387412135,557.430000000000,0.010000000000
1387412147,554.250000000000,0.046018690000
1387412147,554.010000000000,0.073981310000
1387412151,557.425000000000,0.010000000000
1387412162,554.321000000000,0.010000000000
1387412184,554.010000000000,1.266018680000
1387412185,553.370000000000,0.062000000000
1387412185,553.225000000000,0.637855990000
1387412185,553.220000000000,5.000000000000
1387412185,552.426000000000,0.062000000000
1387412185,552.090000000000,0.692924950000
1387412185,552.090000000000,0.060676680000
1387412188,554.321000000000,0.010000000000
1387412206,554.321000000000,0.010000000000
1387412218,554.321000000000,0.220000000000
1387412219,557.100000000000,0.181629740000
1387412219,557.885000000000,0.549438880000
1387412219,557.890000000000,4.048931380000
1387412223,557.890000000000,0.010000000000
1387412244,556.995000000000,0.010000000000
1387412247,557.000000000000,1.570000000000
1387412263,556.995000000000,0.010000000000
1387412272,552.426000000000,0.060999990000
1387412273,552.095000000000,0.627213920000
1387412277,556.995000000000,0.349643440000
1387412277,557.000000000000,4.650356560000
1387412277,557.000000000000,0.010000000000
1387412296,556.000000000000,0.010000000000
1387412306,555.460000000000,0.061000000000
1387412306,556.000000000000,0.270333990000
1387412307,556.000000000000,0.010000000000
1387412311,552.096660000000,0.010999990000
1387412311,552.096660000000,0.032999980000
1387412311,552.095000000000,0.110686750000
1387412316,555.460000000000,0.010000000000
1387412346,555.460000000000,0.051000000000
1387412346,556.000000000000,1.709666010000
1387412346,556.000000000000,0.033000000000
1387412346,556.000000000000,1.000000000000
1387412346,556.411000000000,0.061000000000
1387412346,556.995000000000,0.486494850000
1387412347,557.000000000000,0.927465510000
1387412347,557.000000000000,0.010000000000
1387412348,552.095000000000,0.154000000000
1387412353,555.000000000000,0.010000000000
1387412372,552.091660000000,0.010999990000
1387412372,552.090000000000,4.243383940000
1387412372,551.500000000000,0.250000000000
1387412372,551.000000000000,0.018148800000
1387412372,550.110000000000,0.010000000000
1387412373,550.005000000000,0.627722750000
1387412373,550.000000000000,0.019900000000
1387412373,550.000000000000,0.448000000000
1387412373,550.000000000000,0.045454550000
1387412373,550.000000000000,2.326389970000
1387412377,553.695220000000,0.010000000000
1387412379,553.695220000000,0.050000000000
1387412379,554.511000000000,0.061000000000
1387412380,554.995000000000,0.380096970000
1387412380,555.000000000000,13.608903030000
1387412380,554.440000000000,0.030000000000
1387412381,550.000000000000,0.973610030000
1387412381,549.580000000000,0.996389970000
1387412387,555.000000000000,0.010000000000
1387412393,549.580000000000,0.339624480000
1387412393,547.990000000000,0.069314820000
1387412394,547.668000000000,0.064000000000
1387412394,547.500000000000,0.350000000000
1387412394,547.484610000000,0.015605720000
1387412394,546.887920000000,0.053495330000
1387412394,546.767450000000,0.053487220000
1387412394,546.713000000000,0.064999990000
1387412395,546.005000000000,0.660213790000
1387412395,546.000000000000,0.448000000000
1387412395,545.781800000000,0.015676040000
1387412395,545.760000000000,0.070000000000
1387412395,545.220060000000,0.053497020000
1387412395,545.000000000000,0.250000000000
1387412395,545.000000000000,0.045871560000
1387412395,544.959780000000,0.070331720000
1387412395,544.728000000000,0.069000000000
1387412396,544.030020000000,2.306882310000
1387412411,554.511000000000,0.061000000000
1387412412,554.995000000000,0.701755670000
1387412412,555.000000000000,10.130659520000
1387412417,555.000000000000,0.010000000000
1387412436,550.005000000000,0.620513500000
1387412437,550.000000000000,1.013636350000
1387412437,547.424000000000,0.063000000000
1387412437,546.887930000000,0.011840510000
1387412438,546.490000000000,0.063000000000
1387412438,546.452840000000,0.014381750000
1387412438,545.558000000000,0.062999990000
1387412438,545.010000000000,9.740369700000
1387412438,554.510980000000,0.009999980000
1387412438,554.511000000000,0.061000000000
1387412438,554.975000000000,0.179000020000
1387412449,545.025010000000,0.100000000000
1387412454,553.563000000000,0.030000000000
1387412454,553.563000000000,0.010000000000
1387412459,553.563000000000,0.010000000000
1387412460,553.563000000000,0.010999990000
1387412460,554.480000000000,0.008065880000
1387412468,548.720610000000,0.010000000000
1387412471,548.720610000000,0.007779410000
1387412471,550.941780000000,0.002220590000
1387412481,550.941780000000,0.010000000000
1387412481,550.941780000000,0.005558830000
1387412482,553.273920000000,0.017779420000
1387412482,553.562980000000,0.009999980000
1387412482,553.985000000000,0.623177900000
1387412483,553.990000000000,4.343483870000
1387412499,546.277490000000,0.043427990000
1387412511,553.000000000000,1.000000000000
1387412512,553.562980000000,0.009999980000
1387412512,553.563000000000,0.060999990000
1387412513,553.985000000000,0.401410000000
1387412513,553.990000000000,0.847590030000
1387412566,552.617000000000,0.060999990000
1387412567,552.965000000000,0.124184910000
1387412603,552.617000000000,0.010000000000
1387412662,551.995000000000,0.010000000000
1387412700,551.995000000000,0.010000000000
1387412703,551.000000000000,1.000000000000
1387412712,551.995000000000,0.010000000000
1387412724,551.995000000000,0.010000000000
1387412735,551.995000000000,0.010000000000
1387412749,551.995000000000,0.010000000000
1387412755,551.995000000000,0.010000000000
1387412759,551.995000000000,0.179332930000
1387412759,552.000000000000,11.380000000000
1387412759,552.617000000000,0.023999990000
1387412760,552.980000000000,0.004874660000
1387412760,553.563000000000,0.060999990000
1387412760,554.480000000000,7.649039980000
1387412761,554.480000000000,0.390000000000
1387412763,554.475000000000,0.010000000000
1387412766,554.475000000000,0.100000000000
1387412786,553.563000000000,0.060999990000
1387412786,554.474980000000,0.009999980000
1387412786,554.475000000000,0.032999990000
1387412787,554.475000000000,0.158901120000
1387412787,554.480000000000,0.128902480000
1387412800,554.000000000000,0.025000000000
1387412825,554.123000000000,0.010000000000
1387412827,554.000000000000,0.010000000000
1387412830,554.000000000000,0.026371820000
1387412830,548.023970000000,0.014908030000
1387412830,547.010010000000,0.611127150000
1387412830,547.005010000000,8.150279990000
1387412830,547.005010000000,8.250000000000
1387412830,547.000000000000,9.000000000000
1387412830,546.750000000000,0.090882490000
1387412831,546.740000000000,0.348736650000
1387412846,554.000000000000,0.010000000000
1387412856,554.112990000000,0.010000000000
1387412868,554.082990000000,0.318138880000
1387412868,554.087990000000,2.179026940000
1387412869,554.087990000000,0.010000000000
1387412879,554.072990000000,0.010000000000
1387412889,554.047980000000,0.010000000000
1387412907,553.000000000000,0.010000000000
1387412924,552.995000000000,0.010000000000
1387412934,547.804860000000,0.183603350000
1387412934,547.800000000000,0.045396650000
1387412935,547.800000000000,0.024000000000
1387412938,552.995000000000,0.100000000000
1387412940,552.995000000000,0.081779980000
1387412941,552.995000000000,0.001596420000
1387412941,547.805000000000,0.267403580000
1387412956,552.000000000000,0.010000000000
1387412957,547.805000000000,0.356922230000
1387412957,547.800000000000,0.213077770000
1387412957,547.800000000000,1.000000000000
1387412982,551.995000000000,0.010000000000
1387412989,551.995000000000,0.332837530000
1387412989,552.000000000000,0.117162470000
1387412994,552.000000000000,0.010000000000
1387412997,552.000000000000,7.818837530000
1387412997,553.000000000000,0.990000000000
1387412998,554.000000000000,1.000000000000
1387412998,554.464990000000,8.204079200000
1387412998,554.465000000000,0.971117820000
1387413000,551.995000000000,0.218266360000
1387413000,554.454990000000,0.772482740000
1387413007,554.439990000000,0.010000000000
1387413018,554.434990000000,0.156046550000
1387413018,554.500000000000,0.432440000000
1387413023,554.495000000000,0.010000000000
1387413030,554.300000000000,0.010000000000
1387413035,554.300000000000,0.010000000000
1387413043,554.295000000000,0.010000000000
1387413046,554.295000000000,0.010000000000
1387413051,554.295000000000,0.010000000000
1387413053,554.295000000000,0.010000000000
1387413056,554.295000000000,0.010000000000
1387413060,554.295000000000,0.010000000000
1387413064,554.295000000000,0.010000000000
1387413069,554.295000000000,0.007499920000
1387413069,554.300000000000,0.002500080000
1387413073,554.300000000000,0.010000000000
1387413081,554.200000000000,0.010000000000
1387413089,554.180000000000,0.010000000000
1387413095,554.185000000000,0.010000000000
1387413125,547.805000000000,0.510466150000
1387413130,553.990000000000,0.010000000000
1387413140,553.970000000000,0.010000000000
1387413140,547.805000000000,0.000000010000
1387413152,553.995000000000,0.010000000000
1387413161,553.995000000000,0.010000000000
1387413170,553.770000000000,0.010000000000
1387413186,553.770000000000,0.010000000000
1387413211,553.655000000000,0.010000000000
1387413217,550.005000000000,0.622566890000
1387413217,550.000000000000,8.035433110000
1387413222,553.660000000000,0.010000000000
1387413230,553.660000000000,0.197553110000
1387413231,550.000000000000,0.200000000000
1387413232,553.655000000000,0.010000000000
1387413241,553.655000000000,0.010000000000
1387413250,553.640000000000,0.010000000000
1387413250,553.640000000000,0.010000000000
1387413255,553.640000000000,0.010000000000
1387413255,553.640000000000,0.010000000000
1387413261,553.640000000000,0.010000000000
1387413262,553.640000000000,0.010000000000
1387413266,553.640000000000,0.010000000000
1387413268,553.640000000000,0.010000000000
1387413272,553.660000000000,0.010000000000
1387413272,553.660000000000,0.010000000000
1387413277,553.660000000000,0.010000000000
1387413282,550.005000000000,0.662831920000
1387413282,550.000000000000,0.764566890000
1387413282,550.000000000000,1.177298770000
1387413284,553.550000000000,0.010000000000
1387413286,553.550000000000,0.010000000000
1387413293,553.550000000000,0.010000000000
1387413297,553.550000000000,0.010000000000
1387413304,553.550000000000,0.010000000000
1387413307,553.550000000000,0.010000000000
1387413316,553.999990000000,0.010000000000
1387413328,553.999990000000,0.010000000000
1387413336,553.999990000000,0.010000000000
1387413340,553.999990000000,0.008355850000
1387413340,554.000000000000,0.001644150000
1387413343,554.000000000000,0.010000000000
1387413367,554.000000000000,0.010000000000
1387413392,553.995000000000,0.010000000000
1387413394,550.000000000000,0.200000000000
1387413416,553.585000000000,0.010000000000
1387413425,553.585000000000,0.100000000000
1387413426,553.585000000000,0.010000000000
1387413454,553.600000000000,0.010000000000
1387413488,553.600000000000,0.010000000000
1387413502,550.000000000000,5.000000000000
1387413509,553.600000000000,0.010000000000
1387413524,553.600000000000,0.200000000000
1387413531,553.600000000000,0.010000000000
1387413532,553.600000000000,0.200000000000
1387413540,553.600000000000,1.510045810000
1387413540,553.757000000000,0.200000000000
1387413540,553.795000000000,0.651129550000
1387413541,553.800000000000,11.993542440000
1387413543,550.000000000000,0.100000000000
1387413550,553.800000000000,0.010000000000
1387413552,553.800000000000,0.200000000000
1387413562,553.795000000000,0.133619280000
1387413588,553.795000000000,0.288763460000
1387413588,553.800000000000,0.711236540000
1387413605,553.795000000000,0.010000000000
1387413660,553.700000000000,0.010000000000
1387413670,550.000000000000,0.049100010000
1387413678,553.700000000000,0.010000000000
1387413716,550.000000000000,0.060000000000
1387413724,550.000000000000,2.400000000000
1387413731,550.000000000000,0.013601220000
1387413731,550.000000000000,1.000000000000
1387413731,548.200000000000,0.103425590000
1387413731,548.105060000000,0.824410680000
1387413749,548.110070000000,0.010000000000
1387413799,552.999990000000,0.009999980000
1387413806,552.999990000000,0.190000000000
1387413806,553.000000000000,0.018083160000
1387413806,553.675000000000,0.292852590000
1387413807,553.680000000000,0.173805320000
1387413887,552.795000000000,0.174212680000
1387413887,552.800000000000,2.000000000000
1387413887,553.690000000000,4.970000000000
1387413887,553.800000000000,7.075221020000
1387413887,554.000000000000,0.018050520000
1387413887,554.000000000000,7.308272160000
1387413889,548.120090000000,0.010000000000
1387413889,548.120090000000,1.012957460000
1387413913,552.760400000000,0.118050230000
1387413913,552.765400000000,2.678646870000
1387413913,554.000000000000,12.524000280000
1387413932,552.985000000000,0.010000000000
1387413932,552.000000000000,0.010000000000
1387413932,551.000000000000,0.010000000000
1387413932,550.000000000000,0.010000000000
1387413933,548.120080000000,0.664470640000
1387413933,548.115110000000,0.010000000000
1387413933,548.115100000000,0.010000000000
1387413933,548.115080000000,0.493053160000
1387413933,548.110080000000,0.010000000000
1387413933,548.000010000000,2.642857490000
1387413933,548.000000000000,10.000000000000
1387413933,548.000000000000,0.139618710000
1387413944,550.005000000000,0.618980280000
1387413945,550.000000000000,0.721019720000
1387413960,552.990000000000,0.010000000000
1387413974,552.990000000000,0.010000000000
1387414016,552.990000000000,0.010000000000
1387414077,552.500000000000,3.000000000000
1387414080,552.500000000000,0.662521950000
1387414103,552.990000000000,0.047280610000
1387414112,552.500000000000,0.337478050000
1387414112,552.000000000000,0.010000000000
1387414112,551.000000000000,0.010000000000
1387414112,550.005000000000,0.313214570000
1387414115,550.005000000000,0.250000000000
1387414142,552.990000000000,0.096346120000
1387414162,552.990000000000,0.500000000000
1387414173,550.100000000000,1.862312260000
1387414198,552.000000000000,0.010000000000
1387414198,551.000000000000,0.010000000000
1387414198,550.100000000000,0.137687740000
1387414198,550.000000000000,0.342312260000
1387414199,552.980000000000,0.010000000000
1387414202,550.000000000000,0.549000000000
1387414212,552.980000000000,0.010000000000
1387414219,550.000000000000,4.366752430000
1387414262,550.000000000000,4.741935310000
1387414268,550.000000000000,0.258064670000
1387414276,552.020000000000,0.130000000000
1387414276,550.000000000000,0.265632800000
1387414307,550.000000000000,0.604367200000
1387414307,552.875000000000,0.685771120000
1387414307,552.880000000000,0.020581930000
1387414308,548.000000000000,0.359543580000
1387414308,547.805020000000,0.525851590000
1387414308,547.800020000000,1.072704710000
1387414315,547.800010000000,0.250000000000
1387414320,547.805010000000,0.010000000000
1387414331,547.805010000000,0.079550000000
1387414435,551.890000000000,0.010000000000
1387414447,550.000000000000,0.332198530000
1387414447,551.890000000000,0.023000000000
1387414447,551.990000000000,0.326373270000
1387414447,551.995000000000,0.671416050000
1387414447,552.000000000000,14.707584900000
1387414496,547.805010000000,0.032999990000
1387414496,547.800020000000,1.067000010000
1387414521,551.895000000000,0.100000000000
1387414522,551.995000000000,0.170000000000
1387414796,547.800020000000,1.573246070000
1387414796,547.800000000000,1.717525580000
1387414796,547.011000000000,0.657925400000
1387414796,547.006000000000,1.225528560000
1387414842,547.011010000000,0.632757760000
1387414842,547.006010000000,3.804861080000
1387414842,547.006000000000,1.774471430000
1387414842,547.000000000000,0.900000000000
1387414842,547.000000000000,1.000000000000
1387414843,546.495000000000,0.032999990000
1387414843,546.495000000000,0.032999990000
1387414843,546.495000000000,0.032999990000
1387414843,546.495000000000,0.032999990000
1387414843,546.282490000000,0.033000000000
1387414843,546.277490000000,0.556572010000
1387414843,545.040030000000,0.713660160000
1387414848,545.050030000000,5.259499990000
1387414848,545.045030000000,0.211791750000
1387414849,545.040030000000,4.528708260000
1387414849,545.040030000000,10.435529220000
1387414849,545.010000000000,0.020183120000
1387414849,545.000000000000,3.353762660000
1387414849,545.050040000000,2.297385910000
1387414850,545.000000000000,1.632822290000
1387414850,545.000000000000,6.821826000000
1387414850,545.000000000000,8.587155940000
1387414850,543.971600000000,0.100000000000
1387414850,543.945350000000,0.017931230000
1387414850,543.030000000000,0.116829990000
1387414850,542.500010000000,5.043045080000
1387414850,542.500000000000,4.929999980000
1387414850,542.500000000000,4.976958530000
1387414850,542.055520000000,0.014493160000
1387414851,542.053680000000,0.014493160000
1387414851,542.010010000000,0.033000000000
1387414851,542.000000000000,0.414058730000
1387414852,545.055030000000,0.037737270000
1387414854,545.055030000000,0.014271340000
1387414854,542.005010000000,9.928550660000
1387414859,542.015020000000,13.160448000000
1387414863,542.025030000000,9.390528000000
1387414868,542.035040000000,1.657152000000
1387414871,542.045050000000,0.554395000000
1387414876,542.055050000000,5.007744000000
1387414880,542.065070000000,1.340000000000
1387414885,545.000000000000,0.129229730000
1387414887,542.075080000000,1.007099720000
1387414888,542.065070000000,8.249999990000
1387414888,542.000000000000,0.033941270000
1387414888,542.000000000000,1.200000000000
1387414888,541.900000000000,5.048786990000
1387414888,541.613200000000,0.017931230000
1387414888,541.500000000000,1.000000000000
1387414888,541.486380000000,0.073361310000
1387414888,541.210020000000,0.150829560000
1387414888,541.130000000000,8.218049930000
1387414897,541.130010000000,0.492040240000
1387414900,541.130010000000,0.817307860000
1387414900,541.130000000000,12.891950070000
1387414900,541.030000000000,0.117260980000
1387414900,541.010000000000,1.000000000000
1387414900,541.010000000000,0.143854030000
1387414900,541.001670000000,0.010999980000
1387414900,541.001670000000,0.010999980000
1387414900,541.000000000000,1.000000000000
1387414901,540.500000000000,1.000000000000
1387414901,540.470130000000,0.036999970000
1387414901,540.211200000000,0.092556390000
1387414901,540.211110000000,2.412714740000
1387414904,541.130010000000,1.193885030000
1387414905,540.211110000000,5.343381560000
1387414912,540.211120000000,8.250000000000
1387414912,540.211120000000,2.269939090000
1387414912,540.211110000000,6.844188910000
1387414925,542.045050000000,0.600000000000
1387414925,540.211130000000,2.660307700000
1387414925,540.211110000000,12.475933300000
1387414926,540.211110000000,0.631079580000
1387414930,542.045040000000,0.032999990000
1387414930,542.045040000000,0.032999990000
1387414930,540.211110000000,0.921329140000
1387414934,542.045040000000,0.032999990000
1387414934,540.211120000000,0.067000010000
1387414938,540.221120000000,19.983000000000
1387414941,540.221120000000,0.569100000000
1387414942,540.211130000000,4.147997730000
1387414942,540.211110000000,5.592853270000
1387414948,540.221120000000,0.600000000000
1387414950,542.045040000000,0.250000000000
1387414950,543.000000000000,1.000000000000
1387414950,543.900000000000,0.033000000000
1387414951,544.995000000000,0.934741680000
1387414951,545.000000000000,4.870770270000
1387414951,546.160000000000,0.100000000000
1387414951,546.716800000000,0.017779420000
1387414951,548.206680000000,0.072336820000
1387414951,548.950000000000,5.777931380000
1387414952,540.221130000000,3.303522860000
1387414952,540.211110000000,36.655160870000
1387414952,540.100000000000,0.100000000000
1387414952,540.100000000000,10.000000000000
1387414952,540.000100000000,0.092592580000
1387414953,540.000000000000,0.399180890000
1387414953,540.000000000000,0.500000000000
1387414953,540.000000000000,0.100000000000
1387414953,540.000000000000,1.489542800000
1387414957,548.995000000000,0.010000000000
1387414963,540.005010000000,0.196367790000
1387414968,540.005010000000,0.463344680000
1387414968,540.000080000000,0.089173130000
1387414968,540.000010000000,2.994565000000
1387414968,540.000000000000,0.587061560000
1387414969,540.000000000000,5.865855630000
1387414974,540.005020000000,0.019922700000
1387414974,540.005000000000,0.220794160000
1387414975,540.000010000000,1.652354250000
1387414975,540.000000000000,1.106928890000
1387414980,540.000000000000,4.527215480000
1387414981,540.000000000000,0.043669220000
1387414981,540.000000000000,0.673032830000
1387414987,539.990000000000,0.443670990000
1387414987,539.500010000000,3.461138160000
1387414988,539.500000000000,1.000000000000
1387414988,539.030000000000,0.117695990000
1387414988,538.948140000000,0.017938440000
1387414988,538.600000000000,0.990000000000
1387414988,538.500000000000,1.000000000000
1387414988,538.190320000000,0.012579270000
1387414988,538.101000000000,3.465240520000
1387414988,538.100000000000,0.100000000000
1387414988,538.015000000000,0.017938160000
1387414988,538.000000000000,0.010000000000
1387414988,538.000000000000,0.010000000000
1387414989,538.000000000000,0.050000000000
1387414995,538.000000000000,1.303798460000
1387415007,538.020010000000,2.459000000000
1387415008,538.020020000000,0.348736660000
1387415010,538.030020000000,0.100000000000
1387415023,538.060050000000,4.248000000000
1387415039,539.990000000000,0.100000000000
1387415040,539.990000000000,0.500000000000
1387415040,538.060060000000,1.020000000000
1387415057,540.523100000000,0.017779430000
1387415057,544.995000000000,0.888174990000
1387415057,545.000000000000,0.094045580000
1387415063,545.000000000000,0.010000000000
1387415108,540.000000000000,0.138740720000
1387415108,539.005000000000,0.636089330000
1387415108,539.000010000000,2.851689670000
1387415108,539.000000000000,0.305454380000
1387415108,539.000000000000,1.000000000000
1387415108,539.000000000000,0.183496470000
1387415108,538.660000000000,6.500000000000
1387415109,538.120000000000,0.050000000000
1387415109,538.010000000000,2.952611900000
1387415121,538.100010000000,1.000000000000
1387415123,538.110010000000,5.031467710000
1387415125,538.110010000000,1.100000000000
1387415126,538.110020000000,1.046946420000
1387415126,538.110010000000,18.953053580000
1387415130,543.985000000000,0.800752540000
1387415130,543.990000000000,0.504295940000
1387415130,543.995000000000,0.104658590000
1387415134,544.000000000000,0.010000000000
1387415162,539.000000000000,0.010000000000
1387415163,540.000000000000,0.400000000000
1387415170,540.000000000000,0.190000000000
1387415170,538.190070000000,3.372270220000
1387415171,538.185070000000,0.625550070000
1387415171,538.180070000000,4.021736480000
1387415171,538.000000000000,2.790443230000
1387415178,543.995000000000,0.519860180000
1387415181,543.995000000000,0.004255700000
1387415181,543.999900000000,0.005744300000
1387415193,538.190080000000,1.699139700000
1387415193,538.117000000000,0.631121060000
1387415193,538.112000000000,5.986765670000
1387415233,540.000000000000,10.000000000000
1387415233,540.000000000000,0.010000000000
1387415233,540.000000000000,0.458000000000
1387415233,540.000000000000,3.732000000000
1387415234,538.117000000000,0.387118170000
1387415235,538.113010000000,0.023881830000
1387415257,540.000000000000,16.268000000000
1387415257,540.000000000000,3.732000000000
1387415260,538.113010000000,1.100000000000
1387415330,538.405000000000,0.073463900000
1387415330,538.400010000000,2.493290440000
1387415330,538.400000000000,2.413245660000
1387415341,538.405000000000,0.037260720000
1387415342,538.400010000000,0.362739280000
1387415343,538.400010000000,0.357454640000
1387415362,540.000000000000,0.400000000000
1387415384,539.999900000000,5.145254600000
1387415384,540.000000000000,3.159200220000
1387415384,540.000000000000,0.995000000000
1387415384,540.000000000000,8.349526410000
1387415399,540.000000000000,11.650473590000
1387415410,540.000000000000,3.088254380000
1387415453,543.979990000000,0.139800000000
1387415458,543.979990000000,0.010000000000
1387415480,540.100000000000,5.000000000000
1387415480,540.005000000000,0.098853120000
1387415480,540.000000000000,1.197446880000
1387415491,543.978330000000,0.011000000000
1387415491,543.978330000000,0.011000000000
1387415491,543.990000000000,2.471833650000
1387415493,543.990000000000,0.003380880000
1387415540,540.500000000000,0.163425340000
1387415585,540.500000000000,1.620000000000
1387415652,541.100000000000,0.100000000000
1387415687,543.000000000000,0.061365480000
1387415694,543.000000000000,0.000000010000
1387415694,542.000000000000,0.248340000000
1387415708,543.000000000000,20.000000000000
1387415718,542.100000000000,0.010000000000
1387415732,542.100000000000,0.120000000000
1387415732,542.000000000000,0.130000000000
1387415733,542.000000000000,0.050000000000
1387415733,542.000000000000,0.250000000000
1387415734,542.000000000000,0.010000000000
1387415776,542.100000000000,0.400000000000
1387415793,543.000000000000,10.554173260000
1387415810,543.000000000000,0.010000000000
1387415810,543.000000000000,18.374461230000
1387415810,543.980000000000,1.625538770000
1387415811,543.980000000000,0.350533220000
1387415811,543.980000000000,2.485000000000
1387415811,543.985000000000,0.032999990000
1387415811,545.000000000000,0.204426050000
1387415811,545.000000000000,1.000000000000
1387415812,545.000000000000,0.298800000000
1387415812,545.528130000000,0.017779410000
1387415812,546.895000000000,0.610461330000
1387415818,542.105000000000,0.533722270000
1387415818,542.100000000000,1.444678090000
1387415818,542.000000000000,0.311660000000
1387415818,542.000000000000,4.099999980000
1387415818,541.100000000000,6.129760580000
1387415819,541.000000000000,20.000000000000
1387415819,540.600000000000,6.000000000000
1387415819,540.500000000000,0.033000000000
1387415819,540.500000000000,0.033000000000
1387415819,540.500000000000,0.033000000000
1387415819,540.500000000000,0.033000000000
1387415819,540.500000000000,0.033000000000
1387415819,540.500000000000,0.033000000000
1387415820,540.500000000000,0.033000000000
1387415820,540.500000000000,0.033000000000
1387415820,540.500000000000,0.033000000000
1387415820,540.110000000000,10.000000000000
1387415820,540.000000000000,1.183179080000
1387415841,540.005000000000,0.083187910000
1387415841,540.000000000000,2.464944790000
1387415873,540.115000000000,0.600000000000
1387415874,540.100010000000,2.400000000000
1387415877,540.100010000000,0.600000000000
1387415877,540.100000000000,5.005000000000
1387415877,540.100000000000,1.872616160000
1387415877,540.000000000000,0.381585810000
1387415878,540.000000000000,20.400000000000
1387415878,538.500000000000,1.000000000000
1387415878,538.400010000000,1.030465280000
1387415878,538.000000000000,17.197557860000
1387415878,537.966370000000,0.009999990000
1387415878,537.817500000000,0.010064990000
1387415878,537.812860000000,0.024275250000
1387415878,537.500000000000,1.000000000000
1387415878,537.500000000000,1.000000000000
1387415878,537.413340000000,0.017932010000
1387415878,537.313430000000,0.037037020000
1387415879,537.222690000000,0.016890000000
1387415879,537.177500000000,0.012106220000
1387415879,537.102230000000,0.012106220000
1387415879,537.030000000000,0.118135320000
1387415879,537.000000000000,0.495340000000
1387415879,537.000000000000,0.448000000000
1387415879,536.867150000000,0.038900350000
1387415879,536.660000000000,0.100000000000
1387415879,536.500000000000,1.000000000000
1387415879,536.044370000000,0.054106700000
1387415879,536.000000000000,0.200000000000
1387415879,536.000000000000,6.700000000000
1387415879,536.000000000000,5.112683760000
1387415880,535.749510000000,0.044289020000
1387415880,535.700000000000,0.280007470000
1387415880,535.557340000000,0.017944170000
1387415880,535.500000000000,0.011044430000
1387415880,535.500000000000,1.000000000000
1387415880,535.500000000000,0.013100000000
1387415880,535.420000000000,0.100000000000
1387415880,535.100000000000,0.020000000000
1387415880,535.030000000000,0.118576900000
1387415880,535.011000000000,0.552170550000
1387415880,535.010100000000,0.093456180000
1387415880,535.010000000000,0.020560340000
1387415880,535.010000000000,0.550000000000
1387415880,535.010000000000,10.000000000000
1387415881,535.000000000000,0.776847710000
1387415881,535.000000000000,0.017759310000
1387415881,535.000000000000,9.789440980000
1387415883,545.400000000000,0.010000000000
1387415887,541.000000000000,1.000000000000
1387415893,545.000000000000,0.010000000000
1387415894,545.000000000000,0.320000000000
1387415899,544.995000000000,0.010000000000
1387415926,541.000000000000,3.000000000000
1387415926,536.295250000000,0.011170680000
1387415927,536.214230000000,0.011167940000
1387415927,536.000000000000,0.002461380000
1387415932,544.000000000000,1.453425350000
1387415932,545.000000000000,0.470000000000
1387415964,537.567520000000,0.020129990000
1387415964,537.000000000000,0.368792760000
1387415965,536.295260000000,0.010000000000
1387415965,536.001660000000,0.010999980000
1387415965,536.000000000000,0.997538620000
1387415966,535.000040000000,1.529041320000
1387415966,535.000020000000,7.768367330000
1387415971,537.567530000000,0.009999990000
1387415971,535.000020000000,0.481632650000
1387415971,535.000010000000,3.566675410000
1387415971,535.000000000000,2.712709120000
1387415983,543.795000000000,0.010000000000
1387416014,537.567520000000,0.600000000000
1387416014,535.001660000000,0.010999980000
1387416014,535.000010000000,0.981164820000
1387416023,535.000030000000,4.171683020000
1387416024,535.000020000000,3.000000000000
1387416024,535.000000000000,10.016587980000
1387416054,539.863040000000,0.017779420000
1387416054,540.000000000000,0.100000000000
1387416054,542.023400000000,0.017779420000
1387416054,542.400000000000,0.010000000000
1387416054,543.779990000000,0.439721160000
1387416058,543.779990000000,0.010000000000
1387416064,543.774990000000,0.566432000000
1387416076,543.000000000000,0.010000000000
1387416101,542.995000000000,0.010000000000
1387416117,542.995000000000,0.010000000000
1387416124,542.770000000000,0.010000000000
1387416124,542.000000000000,0.040000000000
1387416136,542.770000000000,1.000000000000
1387416143,542.000000000000,0.960000000000
1387416143,542.000000000000,0.033000000000
1387416144,539.860000000000,0.010000000000
1387416144,535.805000000000,0.492757030000
1387416144,535.800000000000,0.475195970000
1387416144,535.005040000000,0.455771740000
1387416145,535.000040000000,1.035502460000
1387416151,542.765000000000,0.520421990000
1387416152,542.769990000000,8.136801830000
1387416152,542.770000000000,6.000000000000
1387416152,542.995000000000,0.032999990000
1387416152,543.800000000000,2.412683660000
1387416175,540.000000000000,0.010000000000
1387416182,535.000040000000,1.930000000000
1387416196,535.005000000000,0.140000000000
1387416207,535.100000000000,0.010000000000
1387416216,535.105000000000,0.425979780000
1387416216,535.100000000000,0.990578410000
1387416216,535.100000000000,25.000000000000
1387416229,535.205000000000,0.066403510000
1387416229,535.200010000000,0.010000000000
1387416229,535.200000000000,1.046296490000
1387416244,535.200000000000,23.953703510000
1387416244,535.000040000000,0.599999990000
1387416253,535.100000000000,25.000000000000
1387416258,541.000000000000,0.010000000000
1387416272,539.000000000000,0.010000000000
1387416303,539.000000000000,13.905700000000
1387416304,542.759980000000,0.782120760000
1387416304,542.764980000000,0.596999990000
1387416304,543.799990000000,0.471227250000
1387416310,538.999990000000,0.009999980000
1387416310,538.900000000000,0.010000000000
1387416310,535.000010000000,0.510720020000
1387416329,543.794990000000,0.516739090000
1387416329,543.798310000000,0.020836770000
1387416329,543.798330000000,0.011000000000
1387416330,543.799980000000,8.249999990000
1387416330,543.799990000000,0.528772750000
1387416330,543.800000000000,0.995579400000
1387416351,535.110010000000,0.653888530000
1387416352,535.105020000000,0.013871760000
1387416352,535.105010000000,8.249999980000
1387416352,535.100000000000,1.082239730000
1387416361,542.995000000000,0.010000000000
1387416367,542.995000000000,0.010000000000
1387416409,542.990000000000,0.010000000000
1387416410,535.205000000000,0.348352150000
1387416430,542.000000000000,0.010000000000
1387416431,535.305000000000,0.188800000000
1387416432,535.305000000000,0.069898490000
1387416432,535.300000000000,8.534101510000
1387416481,542.990000000000,0.010000000000
1387416499,542.000000000000,0.010000000000
1387416510,541.965000000000,0.729578280000
1387416510,541.970000000000,5.807824990000
1387416510,542.988340000000,0.011000000000
1387416510,542.988340000000,0.011000000000
1387416510,542.990000000000,0.061900000000
1387416511,542.993340000000,0.010999990000
1387416511,542.993340000000,0.010999990000
1387416511,543.000000000000,2.000000000000
1387416511,543.440000000000,0.050000000000
1387416511,543.798340000000,0.011000000000
1387416511,543.798340000000,0.011000000000
1387416511,543.800000000000,4.591736940000
1387416511,544.000000000000,3.280000000000
1387416511,544.000000000000,0.100000000000
1387416511,544.363980000000,0.017779430000
1387416511,544.900000000000,1.669345270000
1387416563,544.067520000000,0.010000000000
1387416598,542.000000000000,0.010000000000
1387416606,544.067520000000,0.139999980000
1387416619,544.000000000000,0.010000000000
1387416623,543.000000000000,0.010000000000
1387416623,542.000000000000,0.010000000000
1387416623,541.000000000000,0.010000000000
1387416623,540.005000000000,0.471116430000
1387416624,544.895000000000,0.010000000000
1387416645,543.000000000000,0.010000000000
1387416646,544.067520000000,0.423810000000
1387416666,540.010000000000,1.000000000000
1387416666,540.005000000000,0.162959550000
1387416666,540.000000000000,1.037040450000
1387416678,540.005000000000,0.010000000000
1387416681,540.005000000000,0.003899980000
1387416696,540.005000000000,0.010000000000
1387416697,543.995000000000,0.730827990000
1387416697,544.000000000000,2.560400020000
1387416697,544.067520000000,0.173189970000
1387416708,544.067520000000,0.904593180000
1387416710,540.005000000000,0.010000000000
1387416720,540.000000000000,0.012190000000
1387416738,540.000000000000,0.250000000000
1387416739,540.000000000000,0.250000000000
1387416743,540.000000000000,0.010000000000
1387416746,540.000000000000,0.440769550000
1387416747,540.000000000000,0.098945450000
1387416757,540.000000000000,0.010000000000
1387416759,543.995000000000,0.460297280000
1387416759,543.995000000000,0.032999990000
1387416759,543.999990000000,8.226899990000
1387416759,543.999990000000,1.279802740000
1387416763,543.999990000000,3.020325690000
1387416769,543.995000000000,0.029914740000
1387416773,540.000000000000,0.010000000000
1387416778,540.000000000000,0.250000000000
1387416778,540.000000000000,0.250000000000
1387416797,543.980000000000,0.282514060000
1387416797,543.985000000000,1.569337790000
1387416804,540.000000000000,0.133754550000
1387416804,540.000000000000,0.033000000000
1387416804,540.000000000000,0.083245450000
1387416805,540.000000000000,0.319080820000
1387416869,540.100000000000,0.250000000000
1387416907,540.100000000000,0.171888240000
1387416907,540.000000000000,0.078111760000
1387416907,540.000000000000,0.250000000000
1387416911,540.000000000000,9.269561970000
1387416911,540.000000000000,1.000000000000
1387416919,537.567500000000,0.150829560000
1387416919,537.000000000000,0.010000000000
1387416919,536.010000000000,0.010000000000
1387416919,535.990000000000,0.250000000000
1387416919,535.598000000000,0.059000000000
1387416920,535.400010000000,1.520170440000
1387416938,535.500010000000,1.000000000000
1387416949,535.500010000000,1.329719820000
1387416967,537.567500000000,0.222000000000
1387417000,539.900000000000,0.100000000000
1387417000,539.959990000000,0.220137010000
1387417000,540.000000000000,9.686324940000
1387417036,537.567500000000,0.250000000000
1387417037,537.567500000000,0.127999980000
1387417037,535.520040000000,0.122000020000
1387417089,539.995000000000,0.100000000000
1387417107,539.995000000000,0.046949550000
1387417197,537.567500000000,0.015000000000
1387417198,537.567500000000,0.015000000000
1387417198,537.567500000000,0.015000000000
1387417198,537.567500000000,0.015000000000
1387417198,537.567500000000,0.015000000000
1387417198,537.567500000000,0.015000000000
1387417198,537.567500000000,0.032999990000
1387417198,537.567500000000,0.032999990000
1387417198,537.567500000000,0.032999990000
1387417198,537.567500000000,0.032999990000
1387417198,535.402000000000,0.172743500000
1387417217,537.567500000000,0.600000000000
1387417217,535.505000000000,0.400000000000
1387417221,538.000000000000,0.078430640000
1387417260,538.000000000000,0.210000000000
1387417277,535.510000000000,1.000000000000
1387417280,538.000000000000,2.000000000000
1387417302,538.000000000000,0.500000000000
1387417321,538.000000000000,0.281240050000
1387417325,535.510000000000,0.010000000000
1387417335,537.940000000000,0.100000000000
1387417335,538.000000000000,0.060000000000
1387417335,535.510000000000,0.680000000000
1387417336,535.505000000000,0.215369640000
1387417336,535.505000000000,0.600000000000
1387417336,535.500000000000,2.524331110000
1387417336,535.500000000000,6.965000000000
1387417352,535.500000000000,0.250000000000
1387417352,535.500000000000,0.250000000000
1387417368,535.500000000000,1.000000000000
1387417370,537.940000000000,0.100000000000
1387417370,538.000000000000,2.900000000000
1387417376,535.500000000000,1.000000000000
1387417397,535.500000000000,0.022525640000
1387417423,535.500000000000,12.988143250000
1387417424,535.500000000000,0.015000000000
1387417424,535.500000000000,0.033000000000
1387417424,535.500000000000,0.033000000000
1387417424,535.402000000000,1.930856750000
1387417439,535.500000000000,0.033000000000
1387417439,535.500000000000,0.033000000000
1387417439,535.500000000000,0.033000000000
1387417439,535.402000000000,0.901000000000
1387417448,535.402000000000,0.209952760000
1387417449,535.401670000000,0.010999980000
1387417449,535.401670000000,0.010999980000
1387417449,535.206660000000,0.010999990000
1387417449,535.206660000000,0.010999990000
1387417449,535.101660000000,0.010999980000
1387417449,535.101660000000,0.010999980000
1387417450,535.005010000000,0.647464310000
1387417450,535.001660000000,0.017934990000
1387417450,535.000010000000,0.125806350000
1387417453,535.000010000000,4.353342550000
1387417453,535.000000000000,0.646657450000
1387417460,535.500000000000,0.600000000000
1387417461,535.005000000000,0.616593320000
1387417461,535.000000000000,0.845332800000
1387417462,538.000000000000,0.010000000000
1387417520,535.505000000000,0.028525030000
1387417528,535.505000000000,0.123624780000
1387417528,535.500000000000,0.876375220000
1387417533,535.500000000000,18.104000000000
1387417534,538.000000000000,0.000536130000
1387417534,538.000000000000,0.033000000000
1387417534,538.000000000000,0.186463870000
1387417542,535.500000000000,0.250000000000
1387417543,535.500000000000,0.250000000000
1387417569,538.000000000000,4.813536130000
1387417570,539.895000000000,0.250370870000
1387417570,539.900000000000,1.000000000000
1387417570,539.995000000000,0.032999990000
1387417570,540.000000000000,11.807881510000
1387417571,535.510000000000,0.200000000000
1387417574,535.510000000000,0.200000000000
1387417580,535.510000000000,0.200000000000
1387417587,535.520000000000,0.200000000000
1387417592,535.520000000000,0.200000000000
1387417598,535.525000000000,0.200000000000
1387417603,535.525000000000,0.014130820000
1387417603,535.520000000000,0.185869180000
1387417610,535.520000000000,0.200000000000
1387417616,535.520000000000,0.200000000000
1387417621,535.525000000000,0.065212720000
1387417621,535.520000000000,0.134787280000
1387417626,535.520000000000,0.200000000000
1387417632,535.520000000000,0.200000000000
1387417637,535.520000000000,0.200000000000
1387417644,535.520000000000,0.200000000000
1387417647,535.520000000000,8.079343540000
1387417647,535.510000000000,4.400000000000
1387417647,535.510000000000,8.520656460000
1387417660,535.520000000000,0.200000000000
1387417660,535.520000000000,0.200000000000
1387417673,535.510000000000,0.250000000000
1387417676,535.510000000000,1.000000000000
1387417678,535.520000000000,0.200000000000
1387417678,535.520000000000,0.200000000000
1387417679,535.520000000000,0.200000000000
1387417679,535.520000000000,0.200000000000
1387417681,535.520000000000,1.000000000000
1387417683,535.520000000000,0.200000000000
1387417688,535.520000000000,0.200000000000
1387417693,535.520000000000,0.200000000000
1387417700,535.520000000000,0.200000000000
1387417706,535.520000000000,0.200000000000
1387417711,535.520000000000,0.200000000000
1387417712,535.520000000000,6.999999980000
1387417712,535.520000000000,0.600000000000
1387417712,535.510000000000,0.229343540000
1387417712,535.500000000000,5.519624780000
1387417712,535.000000000000,16.112815510000
1387417712,535.000000000000,0.080000000000
1387417712,535.000000000000,2.000000000000
1387417712,535.000000000000,0.010350000000
1387417713,535.000000000000,0.080000000000
1387417713,535.000000000000,0.338488330000
1387417721,535.000000000000,0.355884530000
1387417729,535.000000000000,13.522449570000
1387417729,535.000000000000,1.000000000000
1387417729,535.000000000000,0.100000000000
1387417729,535.000000000000,0.510280360000
1387417729,535.000000000000,0.637383180000
1387417729,535.000000000000,0.250000000000
1387417729,535.000000000000,0.100000000000
1387417730,535.000000000000,0.100000000000
1387417730,535.000000000000,1.000000000000
1387417730,535.000000000000,10.000000000000
1387417738,534.995000000000,0.635360200000
1387417738,535.000000000000,4.364639800000
1387417744,534.300000000000,0.200000000000
1387417751,534.300000000000,0.007712800000
1387417751,534.159400000000,0.010305000000
1387417751,534.000010000000,0.181982200000
1387417756,534.000010000000,0.200000000000
1387417763,534.000010000000,0.200000000000
1387417766,534.000010000000,1.597706750000
1387417766,534.000000000000,1.437344170000
1387417766,533.823020000000,0.084191550000
1387417766,533.551890000000,0.911703430000
1387417767,533.520000000000,0.256531660000
1387417767,533.369280000000,0.073910910000
1387417767,533.313270000000,9.378906250000
1387417767,533.073210000000,0.010000000000
1387417767,533.030000000000,0.119021820000
1387417767,533.011000000000,0.750000000000
1387417767,533.000000000000,0.200000000000
1387417767,533.000000000000,2.000000000000
1387417767,532.661080000000,0.017934990000
1387417767,532.601200000000,0.351019470000
1387417794,533.313270000000,0.199999990000
1387417794,534.000000000000,0.200000000000
1387417794,534.000000000000,0.200000000000
1387417794,534.000000000000,0.000000010000
1387417802,532.700000000000,0.200000000000
1387417802,532.700000000000,0.000750870000
1387417802,532.601200000000,0.148980530000
1387417802,532.400000000000,0.020000000000
1387417803,532.300020000000,0.080268600000
1387417809,532.300020000000,0.200000000000
1387417815,533.000000000000,0.295394530000
1387417815,533.000000000000,0.200000000000
1387417819,533.000010000000,0.200000000000
1387417847,533.000010000000,4.423036860000
1387417848,533.000010000000,0.033000000000
1387417848,533.000010000000,0.033000000000
1387417848,533.000000000000,5.130398610000
1387417866,532.300020000000,0.032799300000
1387417866,532.300020000000,1.421233420000
1387417866,532.300000000000,1.000000000000
1387417867,532.200000000000,1.878992860000
1387417867,532.100000000000,0.500000000000
1387417867,532.000000000000,0.250000000000
1387417867,532.000000000000,1.000000000000
1387417867,531.905000000000,0.524587530000
1387417867,531.900000000000,20.000000000000
1387417867,531.500000000000,1.000000000000
1387417867,531.130980000000,0.044289020000
1387417868,531.110000000000,2.087899980000
1387417868,531.033370000000,0.083567950000
1387417868,531.030000000000,0.119470090000
1387417868,531.000000000000,1.000000000000
1387417868,531.000000000000,0.011044430000
1387417868,531.000000000000,3.000000000000
1387417868,531.000000000000,0.200000000000
1387417868,531.000000000000,8.000000000000
1387417868,531.000000000000,0.500000000000
1387417868,530.875000000000,0.350000000000
1387417868,530.841600000000,0.066559990000
1387417868,530.800000000000,0.250000000000
1387417869,530.767470000000,0.063314200000
1387417869,530.570000000000,19.559999980000
1387417869,530.550810000000,0.017944180000
1387417869,530.500000000000,0.190000000000
1387417869,530.500000000000,1.000000000000
1387417869,530.500000000000,0.013100000000
1387417869,530.422400000000,0.100000000000
1387417869,530.420000000000,0.100000000000
1387417869,530.140280000000,0.017940990000
1387417869,530.100000000000,0.100000000000
1387417869,530.100000000000,0.500000000000
1387417869,530.100000000000,5.000000000000
1387417869,530.001000000000,5.000000000000
1387417869,530.000100000000,0.094339600000
1387417870,530.000000000000,1.000000000000
1387417870,530.000000000000,1.000000000000
1387417870,530.000000000000,0.790000000000
1387417870,530.000000000000,0.031500000000
1387417870,530.000000000000,1.127110000000
1387417870,530.000000000000,0.100000000000
1387417870,530.000000000000,2.000000000000
1387417870,530.000000000000,18.874306480000
1387417870,533.000000000000,15.000000000000
1387417888,532.000000000000,15.910026000000
1387417897,530.841600000000,0.066559990000
1387417898,530.005000000000,0.063848680000
1387417898,530.000060000000,1.606076230000
1387417898,530.000010000000,3.971505910000
1387417898,530.000000000000,1.025659700000
1387417898,530.000000000000,30.000000000000
1387417898,530.000000000000,0.590592470000
1387417898,530.000000000000,0.200000000000
1387417898,530.000000000000,1.000000000000
1387417899,530.000000000000,0.094300000000
1387417899,530.000000000000,0.001050320000
1387417899,530.000000000000,0.130000000000
1387417899,530.000000000000,10.250000000000
1387417899,530.000000000000,0.100000000000
1387417899,530.000000000000,1.000000000000
1387417899,530.000000000000,1.000000000000
1387417899,530.000000000000,0.100000000000
1387417900,530.000000000000,1.216000000000
1387417900,530.000000000000,0.109000000000
1387417900,530.000000000000,1.000000000000
1387417900,530.000000000000,10.000000000000
1387417900,530.000000000000,0.250000000000
1387417900,529.800000000000,0.020000000000
1387417900,529.500000000000,1.000000000000
1387417900,529.353700000000,0.037999980000
1387417901,529.200000000000,0.022000000000
1387417901,529.030000000000,0.119921740000
1387417901,529.000000000000,0.070999980000
1387417901,528.870690000000,0.010305000000
1387417901,528.543170000000,0.637699640000
1387417901,528.500000000000,1.000000000000
1387417902,528.424000000000,0.058000000000
1387417902,528.000000000000,0.658930000000
1387417902,527.795260000000,0.010000000000
1387417902,527.632000000000,0.058999980000
1387417902,527.500000000000,1.000000000000
1387417902,527.440000000000,0.249751000000
1387417902,527.363180000000,0.037735840000
1387417902,527.100000000000,0.600000000000
1387417902,527.100000000000,0.020000000000
1387417902,527.088560000000,0.024521380000
1387417902,527.030000000000,0.120376830000
1387417902,527.000000000000,0.275000000000
1387417902,527.000000000000,0.050000000000
1387417903,526.841000000000,0.058999980000
1387417903,526.816480000000,0.074364510000
1387417903,526.700000000000,0.000010860000
1387417903,526.688910000000,0.017229980000
1387417903,526.630670000000,0.126314820000
1387417903,526.500000000000,0.011044430000
1387417903,526.500000000000,1.000000000000
1387417903,526.051000000000,0.060000000000
1387417903,526.000000000000,0.200000000000
1387417903,526.000000000000,6.000000000000
1387417903,526.000000000000,0.050000000000
1387417903,526.000000000000,3.000000000000
1387417904,526.000000000000,0.500000000000
1387417904,526.000000000000,2.300380230000
1387417904,526.000000000000,0.317031400000
1387417904,525.800000000000,0.300000000000
1387417904,525.500000000000,1.000000000000
1387417904,525.500000000000,0.013100000000
1387417904,525.500000000000,0.550000000000
1387417904,525.420000000000,0.100000000000
1387417904,525.400040000000,0.083688330000
1387417904,525.263000000000,0.060000000000
1387417904,525.030000000000,0.120835400000
1387417904,525.010000000000,0.019999620000
1387417904,525.000000000000,0.400000000000
1387417904,525.000000000000,0.116699980000
1387417904,525.000000000000,1.000000000000
1387417905,525.000000000000,5.000000000000
1387417905,525.000000000000,1.000000000000
1387417905,525.000000000000,2.000000000000
1387417905,525.000000000000,1.000000000000
1387417905,525.000000000000,0.100000000000
1387417905,525.000000000000,1.000000000000
1387417905,525.000000000000,0.247620000000
1387417905,525.000000000000,1.000000000000
1387417905,525.000000000000,0.074399980000
1387417905,525.000000000000,1.000000000000
1387417905,525.000000000000,0.250000000000
1387417905,525.000000000000,0.250000000000
1387417906,524.770000000000,0.020961550000
1387417906,524.500000000000,0.020000000000
1387417906,524.500000000000,1.000000000000
1387417906,524.461000000000,0.058999980000
1387417906,524.436350000000,0.009999990000
1387417906,524.240000000000,0.100000000000
1387417906,524.000000000000,2.000000000000
1387417906,523.969070000000,0.010000000000
1387417906,523.800000000000,3.380000000000
1387417906,523.660000000000,0.059000000000
1387417906,523.650000000000,0.128902870000
1387417906,523.634340000000,0.010305000000
1387417906,523.500000000000,1.000000000000
1387417907,523.255000000000,0.254999990000
1387417907,523.132690000000,16.499999990000
1387417907,523.132690000000,8.250000000000
1387417907,523.132690000000,8.250000000000
1387417907,523.132680000000,5.755378480000
1387417907,523.132680000000,0.100000000000
1387417907,523.132680000000,0.082051260000
1387417908,523.132680000000,0.030000000000
1387417908,523.132680000000,0.500000000000
1387417908,523.132680000000,0.020000000000
1387417908,523.132680000000,0.016000000000
1387417908,523.132680000000,0.204087610000
1387417908,523.132680000000,4.077980000000
1387417908,523.132680000000,0.010000000000
1387417908,523.056980000000,0.016436640000
1387417908,523.001000000000,5.000000000000
1387417908,523.000000000000,1.000000000000
1387417908,523.000000000000,0.250000000000
1387417908,522.931770000000,0.087719300000
1387417908,522.860000000000,0.060000000000
1387417908,522.800000000000,0.010000000000
1387417909,522.648000000000,0.245238660000
1387417909,522.647100000000,0.191333710000
1387417909,522.647000000000,8.745183770000
1387417912,523.869580000000,0.009999990000
1387417912,522.647000000000,7.667902160000
1387417913,522.569560000000,0.009999990000
1387417913,522.500000000000,6.000000000000
1387417913,522.500000000000,1.000000000000
1387417913,522.440000000000,7.190560470000
1387417917,533.000000000000,1.071428570000
1387417919,532.300020000000,0.077814020000
1387417953,532.300020000000,0.522185980000
1387417975,530.000000000000,0.253650000000
1387417975,531.995000000000,0.610211690000
1387417975,532.000000000000,3.136138310000
1387417984,529.990000000000,0.603232890000
1387417984,532.000000000000,1.341675700000
1387417984,532.000000000000,0.478527120000
1387417985,532.000000000000,8.985700000000
1387417986,532.000000000000,0.399571240000
1387417987,532.000000000000,1.159200000000
1387417989,532.000010000000,0.010000000000
1387417990,532.000010000000,3.638921810000
1387417990,532.000000000000,3.274800190000
1387417994,532.000000000000,0.010000000000
1387418000,532.000010000000,2.690279760000
1387418005,532.000010000000,3.262980950000
1387418005,532.000000000000,7.261424670000
1387418050,532.000010000000,3.703369950000
1387418050,532.000010000000,0.599999990000
1387418050,532.000000000000,0.696630060000
1387418051,532.000000000000,0.721389510000
1387418057,529.750020000000,0.250000000000
1387418067,531.995000000000,0.103663590000
1387418067,531.999990000000,0.944537140000
1387418088,529.750020000000,0.019369460000
1387418093,529.750020000000,4.261616320000
1387418093,529.750010000000,5.738383680000
1387418123,530.000000000000,6.048693620000
1387418133,529.750020000000,0.564886810000
1387418141,530.000000000000,2.000000000000
1387418145,529.750020000000,1.351062000000
1387418152,529.750020000000,1.800000000000
1387418160,529.750020000000,0.600000000000
1387418160,529.750020000000,4.356359170000
1387418161,529.750010000000,1.115931720000
1387418161,529.500010000000,6.857551620000
1387418161,529.250010000000,6.860790900000
1387418162,529.148000000000,0.057999990000
1387418163,529.005010000000,0.634845370000
1387418163,529.000010000000,6.864033240000
1387418181,529.000000000000,0.477524060000
1387418183,528.750020000000,0.010000000000
1387418186,528.750020000000,0.250000000000
1387418200,529.000000000000,4.174963910000
1387418200,530.000000000000,8.490845310000
1387418202,530.000000000000,1.000000000000
1387418229,530.000000000000,0.055970310000
1387418232,528.750020000000,0.500000000000
1387418261,530.000000000000,0.624890760000
1387418261,530.000000000000,3.375109240000
1387418284,529.000000000000,5.162040280000
1387418284,529.000000000000,1.101743990000
1387418284,530.000000000000,0.679457450000
1387418284,530.000000000000,13.056758280000
1387418293,530.000000000000,4.000000000000
1387418302,530.000000000000,15.888679250000
1387418319,529.505000000000,0.626133500000
1387418319,529.500010000000,4.884257870000
1387418319,529.500000000000,6.489608630000
1387418326,530.000000000000,3.000000000000
1387418329,530.000000000000,3.054562470000
1387418329,530.958870000000,0.017779420000
1387418329,531.800000000000,1.322020140000
1387418329,532.000000000000,2.016517970000
1387418356,529.500010000000,3.859442170000
1387418357,529.500000000000,11.140557830000
1387418373,530.000000000000,0.010000000000
1387418375,529.500010000000,1.526868530000
1387418375,529.500000000000,0.473131470000
1387418377,529.500000000000,1.144705960000
1387418421,529.500010000000,0.010000000000
1387418449,529.500010000000,0.018951470000
1387418460,529.500010000000,0.200000000000
1387418461,529.500010000000,0.020000000000
1387418474,529.500010000000,0.351048530000
1387418474,529.500000000000,0.248901470000
1387418488,529.500000000000,0.703094640000
1387418488,529.000000000000,0.296905360000
1387418536,529.000000000000,0.103850760000
1387418536,529.000000000000,0.015000000000
1387418536,528.750020000000,4.318525790000
1387418536,528.750010000000,6.867278640000
1387418537,528.505010000000,0.414076760000
1387418537,528.500010000000,6.870527120000
1387418537,528.356000000000,0.057999980000
1387418537,528.250010000000,6.873778670000
1387418538,528.000010000000,6.478962280000
1387418540,529.990000000000,0.250000000000
1387418541,529.990000000000,0.054756070000
1387418597,529.148000000000,0.057999990000
1387418597,529.000000000000,0.015000000000
1387418597,529.000000000000,0.015000000000
1387418597,529.000000000000,0.015000000000
1387418597,529.000000000000,0.015000000000
1387418598,529.000000000000,0.015000000000
1387418598,529.000000000000,0.600000000000
1387418598,529.000000000000,0.015000000000
1387418598,529.000000000000,0.015000000000
1387418598,529.000000000000,0.033000000000
1387418598,529.000000000000,0.033000000000
1387418598,528.356000000000,0.057999980000
1387418599,528.000010000000,0.398071020000
1387418599,527.750020000000,2.714929010000
1387418600,529.990000000000,0.070000000000
1387418616,529.990000000000,0.097856410000
1387418618,529.990000000000,0.480030000000
1387418618,529.990000000000,0.033000000000
1387418618,532.000000000000,11.383482030000
1387418618,532.000000000000,1.563167180000
1387418672,529.505010000000,0.017311160000
1387418697,529.505010000000,0.038722240000
1387418698,529.500010000000,1.370356880000
1387418721,529.531280000000,0.931799990000
1387418721,529.500010000000,0.541539810000
1387418735,529.500010000000,0.750000000000
1387418755,529.500010000000,0.040860000000
1387418755,529.500010000000,1.462691940000
1387418755,529.500000000000,1.521408070000
1387418775,529.531280000000,0.599999980000
1387418775,529.500010000000,1.172820770000
1387418809,529.900000000000,0.210000000000
1387418812,529.900000000000,0.112052420000
1387418847,529.900000000000,0.057000000000
1387418849,529.900000000000,0.300000000000
1387418854,529.500010000000,2.899000000000
1387418854,529.900000000000,1.887148510000
1387418868,529.900000000000,0.057000000000
1387418878,529.900000000000,1.729536160000
1387418879,530.000000000000,10.000000000000
1387418879,532.995000000000,0.618582560000
1387418879,533.000000000000,1.309135950000
1387418879,533.110000000000,0.250000000000
1387418880,533.167730000000,0.017779410000
1387418880,533.313270000000,0.032999990000
1387418880,533.353680000000,0.073326620000
1387418880,534.768810000000,0.015869360000
1387418880,534.989980000000,6.873703390000
1387418880,535.000000000000,0.300000000000
1387418880,535.000000000000,0.660234900000
1387418880,535.000000000000,10.000000000000
1387418880,535.190090000000,0.015872270000
1387418881,535.376580000000,0.017779430000
1387418881,536.000000000000,0.010000000000
1387418881,537.000000000000,0.010000000000
1387418881,537.000000000000,4.122307990000
1387418881,537.222690000000,0.016890000000
1387418881,537.585440000000,0.017779420000
1387418881,537.662960000000,0.023798830000
1387418881,539.459850000000,49.499999990000
1387418881,539.459860000000,1.376109030000
1387418882,529.500010000000,0.184717200000
1387418906,529.505010000000,0.502486120000
1387418906,529.500010000000,0.491513880000
1387418907,529.500010000000,0.600000000000
1387418987,533.000000000000,0.100000000000
1387418988,530.735000000000,0.056999990000
1387418988,530.025010000000,0.118572230000
1387418989,530.020010000000,2.233218700000
1387418989,530.010000000000,6.634497440000
1387418989,530.000000000000,0.200000000000
1387418989,529.941000000000,0.056999990000
1387418989,529.700000000000,0.599711650000
1387419011,535.902400000000,0.150000000000
1387419011,536.788990000000,0.014607920000
1387419012,536.995000000000,0.581564040000
1387419012,537.000000000000,8.000000000000
1387419012,537.000000000000,2.000000000000
1387419012,537.966640000000,0.014613820000
1387419012,538.010000000000,6.500000000000
1387419012,539.935780000000,0.072883390000
1387419012,539.990000000000,10.000000000000
1387419013,540.000000000000,68.236231560000
1387419013,540.000000000000,1.000000000000
1387419013,540.000000000000,0.466000000000
1387419014,540.000000000000,0.198800000000
1387419034,539.998340000000,0.011000000000
1387419034,540.236390000000,0.024174530000
1387419034,540.236410000000,0.035558860000
1387419034,540.869640000000,0.035999990000
1387419034,540.970000000000,0.118998980000
1387419035,541.000000000000,0.010000000000
1387419035,541.473000000000,0.054000000000
1387419035,541.895000000000,0.423660750000
1387419035,541.900000000000,1.000000000000
1387419035,542.000000000000,0.010000000000
1387419036,542.286000000000,0.030999990000
1387419036,542.713570000000,0.036834240000
1387419036,542.900000000000,1.000000000000
1387419036,542.970000000000,0.118559990000
1387419036,543.000000000000,0.010000000000
1387419036,543.091040000000,0.035558860000
1387419036,543.100000000000,0.029000000000
1387419036,543.915000000000,0.026999990000
1387419036,544.000000000000,2.000000000000
1387419036,544.067520000000,0.001047990000
1387419036,544.732000000000,0.053999990000
1387419036,544.800000000000,5.000000000000
1387419036,544.970000000000,0.118125000000
1387419036,545.000000000000,0.100000000000
1387419036,545.000000000000,0.200000000000
1387419036,545.000000000000,1.000000000000
1387419036,545.550000000000,0.022000000000
1387419036,545.600000000000,0.500000000000
1387419037,545.990000000000,6.053146920000
1387419039,544.000000000000,7.000000000000
1387419039,545.990000000000,33.946853070000
1387419040,546.000000000000,2.000000000000
1387419040,546.000000000000,6.770370350000
1387419040,546.158670000000,0.035558860000
1387419040,546.197090000000,0.908411500000
1387419040,546.369000000000,0.019000000000
1387419040,546.599580000000,0.072442990000
1387419040,546.739910000000,20.000000000000
1387419040,546.970000000000,0.117693000000
1387419040,547.131170000000,0.156915630000
1387419040,547.189000000000,0.015999990000
1387419040,547.900000000000,0.945980810000
1387419041,547.900000000000,0.054019180000
1387419041,547.967140000000,0.016559990000
1387419041,548.011000000000,0.053999990000
1387419041,548.383660000000,0.023565470000
1387419041,548.427470000000,0.019999980000
1387419041,548.700000000000,0.020000000000
1387419041,548.834000000000,0.053999990000
1387419041,548.970000000000,0.117264990000
1387419041,549.447530000000,0.035558860000
1387419041,549.616280000000,0.130124130000
1387419041,549.616280000000,0.012487220000
1387419069,547.899980000000,0.060094800000
1387419070,549.614620000000,0.011000000000
1387419070,549.616280000000,0.428905200000
1387419079,547.400000000000,1.041911530000
1387419080,547.400000000000,2.000000000000
1387419085,547.400000000000,0.020000000000
1387419093,547.400000000000,0.597000000000
1387419096,547.400000000000,0.597000000000
1387419096,547.400000000000,2.000000000000
1387419097,547.400000000000,0.597000000000
1387419097,547.400000000000,0.873294970000
1387419100,547.400000000000,0.597000000000
1387419102,547.405000000000,0.597000000000
1387419102,547.405000000000,0.028740160000
1387419102,547.400000000000,6.575238590000
1387419105,547.400000000000,0.597000000000
1387419111,547.400000000000,0.250000000000
1387419114,547.400000000000,0.141386640000
1387419115,547.400000000000,10.000000000000
1387419116,547.400000000000,0.250000000000
1387419117,547.400000000000,0.197195240000
1387419127,547.000000000000,0.619507670000
1387419131,545.000000000000,0.199456880000
1387419147,539.846580000000,0.073473040000
1387419147,537.823450000000,0.013862840000
1387419147,537.585440000000,0.053486850000
1387419147,537.384060000000,0.024286800000
1387419147,537.222690000000,0.016890000000
1387419148,536.335000000000,0.308530640000
1387419148,535.527000000000,0.056000000000
1387419148,535.376580000000,0.053486840000
1387419148,534.850000000000,0.517948420000
1387419169,534.850000000000,0.497000000000
1387419173,539.990000000000,0.037862700000
1387419175,534.850000000000,0.010000000000
1387419189,539.990000000000,0.011142270000
1387419215,538.985000000000,0.500000000000
1387419278,538.985000000000,0.032999990000
1387419278,538.990000000000,0.015000000000
1387419278,538.990000000000,0.015000000000
1387419278,538.990000000000,0.015000000000
1387419278,538.990000000000,0.015000000000
1387419278,538.990000000000,0.033000000000
1387419278,538.990000000000,0.033000000000
1387419278,539.900000000000,0.150679790000
1387419279,539.990000000000,0.015000000000
1387419279,539.990000000000,0.015000000000
1387419279,539.990000000000,0.015000000000
1387419279,539.990000000000,0.015000000000
1387419279,539.995000000000,0.468845920000
1387419279,540.000000000000,19.161474300000
1387419284,540.000000000000,0.116173740000
1387419303,540.000000000000,0.033000000000
1387419303,540.000000000000,0.033000000000
1387419304,540.989000000000,0.010000000000
1387419304,540.989000000000,0.010000000000
1387419304,541.889000000000,0.017779420000
1387419304,546.200000000000,0.010000000000
1387419304,546.369000000000,0.052999990000
1387419304,546.546380000000,0.072446610000
1387419305,546.985000000000,0.173070080000
1387419305,546.987490000000,2.533533620000
1387419314,544.986580000000,0.017779430000
1387419314,546.979990000000,0.116663410000
1387419314,546.984990000000,0.042409010000
1387419361,540.005000000000,0.250000000000
1387419374,545.995000000000,0.072851330000
1387419374,546.000000000000,3.000000000000
1387419374,546.368980000000,0.022853750000
1387419374,546.369000000000,0.053999990000
1387419374,547.000000000000,4.850294930000
1387419386,546.995000000000,0.160027180000
1387419386,547.000000000000,6.960197390000
1387419386,547.000000000000,0.033000000000
1387419386,547.000000000000,0.015000000000
1387419386,547.000000000000,0.015000000000
1387419386,547.000000000000,0.015000000000
1387419386,547.000000000000,0.015000000000
1387419386,547.000000000000,0.100000000000
1387419386,547.000000000000,2.200000000000
1387419386,547.189000000000,0.053999990000
1387419387,547.800000000000,0.200000000000
1387419387,547.967140000000,0.016559990000
1387419387,548.011000000000,0.053999990000
1387419387,548.164960000000,0.023571040000
1387419387,548.666000000000,0.180000000000
1387419387,548.700000000000,0.033000000000
1387419387,548.700000000000,0.033000000000
1387419387,548.700000000000,0.033000000000
1387419387,548.700000000000,0.033000000000
1387419387,548.700000000000,0.033000000000
1387419387,548.700000000000,0.033000000000
1387419387,548.700000000000,0.033000000000
1387419388,548.834000000000,0.053999990000
1387419388,548.880000000000,0.100000000000
1387419388,549.500000000000,2.878900000000
1387419388,549.658000000000,0.054000000000
1387419388,549.969990000000,7.640744430000
1387419409,546.994980000000,0.009999980000
1387419410,549.944990000000,0.076877800000
1387419410,549.980000000000,0.182163860000
1387419410,550.000000000000,0.250000000000
1387419410,550.000000000000,1.000000000000
1387419411,550.000000000000,1.284382280000
1387419434,543.000010000000,0.010000000000
1387419434,543.000000000000,0.100000000000
1387419434,540.110010000000,0.652015230000
1387419435,540.105010000000,2.024800560000
1387419444,546.979990000000,0.071722260000
1387419444,546.984990000000,1.784755360000
1387419444,540.110010000000,0.175346910000
1387419457,546.979970000000,0.009999980000
1387419457,546.979990000000,0.299615000000
1387419457,546.984990000000,2.215244640000
1387419457,549.657980000000,0.009999980000
1387419458,549.658000000000,0.054000000000
1387419458,549.979990000000,14.728103780000
1387419458,540.110020000000,0.010000000000
1387419458,540.110010000000,0.434955220000
1387419458,540.100000000000,0.896044780000
1387419462,546.979990000000,0.317210380000
1387419462,549.979990000000,0.580598340000
1387419468,549.974990000000,0.208487920000
1387419469,549.979980000000,10.835977700000
1387419469,550.000000000000,8.715617720000
1387419469,550.000000000000,0.300000020000
1387419469,550.000000000000,3.385185180000
1387419470,550.483000000000,0.054000000000
1387419470,550.970000000000,0.116838990000
1387419470,551.194050000000,0.010000000000
1387419470,551.238980000000,0.011142260000
1387419470,551.240000000000,0.019960000000
1387419471,551.293150000000,0.156689900000
1387419471,551.309000000000,0.053999990000
1387419471,551.600000000000,0.020000000000
1387419471,552.000000000000,2.818842770000
1387419471,550.000000000000,0.208740010000
1387419473,550.000000000000,0.010000000000
1387419474,552.000000000000,2.181157230000
1387419474,552.137000000000,0.053999990000
1387419474,552.227900000000,0.035999970000
1387419474,552.763820000000,0.036164540000
1387419474,552.800000000000,0.300000000000
1387419474,552.850000000000,0.500000000000
1387419474,552.960000000000,0.066559990000
1387419474,552.964990000000,0.071117740000
1387419474,552.966000000000,0.053999990000
1387419475,552.970000000000,0.116415990000
1387419475,552.979000000000,5.018494260000
1387419475,552.980000000000,4.980000000000
1387419475,553.275140000000,0.035558850000
1387419475,553.292280000000,0.072009390000
1387419475,553.414140000000,0.157859180000
1387419475,553.796000000000,0.045000000000
1387419475,553.800000000000,5.000000000000
1387419475,553.900000000000,3.826058880000
1387419481,553.900000000000,0.566928000000
1387419487,550.010000000000,0.067850800000
1387419488,553.900000000000,0.200000000000
1387419498,553.900000000000,1.213164700000
1387419499,553.999900000000,4.408793230000
1387419501,553.999900000000,2.000000000000
1387419507,550.015000000000,0.127822080000
1387419519,550.015010000000,0.200000000000
1387419552,551.000000000000,0.250000000000
1387419572,553.999900000000,1.429671590000
1387419585,551.405110000000,0.011052510000
1387419585,551.000000000000,0.238947490000
1387419593,551.405110000000,18.980674260000
1387419601,551.405110000000,5.000000000000
1387419610,551.200000000000,0.997822910000
1387419610,551.000000000000,0.472177090000
1387419622,551.100000000000,0.340000000000
1387419636,551.405110000000,16.636783430000
1387419640,551.500000000000,8.363216550000
1387419640,551.000000000000,0.033781450000
1387419640,550.085000000000,0.651050620000
1387419640,550.080010000000,8.050559970000
1387419640,550.080000000000,5.667007390000
1387419641,550.000000000000,55.154815630000
1387419651,550.005000000000,0.170812390000
1387419652,550.000010000000,0.079187610000
1387419675,550.005000000000,0.052527870000
1387419676,550.000000000000,17.717472130000
1387419680,550.000000000000,0.250000000000
1387419687,550.000000000000,1.694990500000
1387419689,550.000000000000,0.010000000000
1387419690,550.000000000000,0.010001000000
1387419691,550.000000000000,0.010011000000
1387419691,550.000000000000,0.010111000000
1387419692,550.000000000000,0.011111000000
1387419692,550.000000000000,0.011110000000
1387419692,550.000000000000,0.011100000000
1387419693,550.000000000000,0.011000000000
1387419694,550.010000000000,0.010000000000
1387419704,550.010000000000,6.488019890000
1387419762,550.000000000000,8.480000000000
1387419786,550.000000000000,0.470000000000
1387419793,550.000000000000,23.456947310000
1387419796,550.000000000000,0.150000000000
1387419797,550.000000000000,213.877321850000
1387419797,550.000000000000,3.540000000000
1387419797,550.000000000000,0.033000000000
1387419802,550.000000000000,10.000000000000
1387419804,548.810320000000,0.010000000000
1387419806,549.990000000000,0.331000000000
1387419824,549.995000000000,0.159636360000
1387419825,549.995000000000,0.400233950000
1387419825,550.000000000000,0.499766050000
1387419845,549.995000000000,0.090000000000
1387419865,549.898000000000,0.010000000000
1387419865,549.965000000000,0.299023390000
1387419865,549.970000000000,3.819341950000
1387419865,550.000000000000,10.690646100000
1387419899,547.995000000000,0.038950770000
1387419957,546.456180000000,0.073032260000
1387419957,546.215530000000,0.011052510000
1387419959,543.000000000000,1.000000000000
1387419989,544.995000000000,0.221933170000
1387419989,545.000000000000,1.000000000000
1387419989,546.000000000000,3.778066830000
1387420031,545.995000000000,0.123138000000
1387420031,546.000000000000,1.160656750000
1387420034,543.001660000000,0.010999980000
1387420034,543.001660000000,0.010999980000
1387420034,542.000000000000,0.050000000000
1387420034,541.889000000000,0.053494290000
1387420034,541.172000000000,0.056999990000
1387420034,540.666000000000,0.181257910000
1387420034,540.539160000000,0.022105040000
1387420035,540.383860000000,0.627461620000
1387420035,540.378860000000,0.051000000000
1387420035,540.362000000000,0.056999990000
1387420035,540.236410000000,0.124604580000
1387420035,540.000020000000,6.059457760000
1387420074,541.172000000000,0.056999990000
1387420075,540.505000000000,0.599230350000
1387420075,540.500000000000,3.000000000000
1387420075,540.362000000000,0.056999990000
1387420076,540.000020000000,2.190542230000
1387420076,540.000020000000,4.096227440000
1387420176,540.105000000000,0.102181080000
1387420176,540.100000000000,0.897818920000
1387420181,544.995000000000,0.485409570000
1387420181,545.000000000000,8.000000000000
1387420181,545.331850000000,0.017779410000
1387420181,546.000000000000,4.487649880000
1387420196,542.467500000000,0.017779420000
1387420197,545.995000000000,0.349961850000
1387420197,546.000000000000,19.351693370000
1387420197,547.192500000000,0.017779430000
1387420197,547.657500000000,0.209727540000
1387420197,549.198000000000,0.010000000000
1387420197,549.666000000000,0.120000000000
1387420197,549.984970000000,29.923058390000
1387420235,546.000000000000,0.250000000000
1387420254,546.000000000000,0.250000000000
1387420262,548.000000000000,0.013104760000
1387420266,548.000000000000,0.250000000000
1387420284,548.000000000000,0.250000000000
1387420297,549.983310000000,0.010999990000
1387420297,549.983310000000,0.010999990000
1387420297,549.995000000000,0.276134110000
1387420297,550.000000000000,1.692592600000
1387420297,550.000000000000,3.009273310000
1387420314,548.000000000000,0.250000000000
1387420335,548.000000000000,0.236895240000
1387420335,546.000000000000,0.497350000000
1387420335,542.194970000000,0.014979760000
1387420336,542.035010000000,8.477361320000
1387420337,549.983300000000,0.032999980000
1387420339,549.983300000000,0.033000000000
1387420341,549.983300000000,0.010000000000
1387420343,549.983300000000,4.160000000000
1387420345,549.983300000000,0.250000000000
1387420355,549.983300000000,1.900000000000
1387420364,549.983300000000,0.250000000000
1387420375,549.983300000000,0.250000000000
1387420404,549.983300000000,0.250000000000
1387420416,549.983300000000,1.955185110000
1387420436,548.000000000000,0.033000000000
1387420439,543.025020000000,0.040000000000
1387420446,548.000000000000,0.217000000000
1387420446,548.995000000000,0.160069020000
1387420446,549.000000000000,9.044814880000
1387420446,549.000000000000,15.578116100000
1387420475,549.000000000000,2.395361110000
1387420497,548.000000000000,0.306460000000
1387420497,548.995000000000,0.120622970000
1387420497,549.000000000000,2.986522790000
1387420497,549.000000000000,0.692592590000
1387420502,549.000000000000,0.117888500000
1387420532,549.000000000000,0.250000000000
1387420542,549.927000000000,0.055049600000
1387420542,549.932000000000,1.000000000000
1387420542,549.983290000000,0.009999990000
1387420542,550.000000000000,1.060726690000
1387420542,550.000000000000,0.090909070000
1387420543,550.483000000000,0.054000000000
1387420543,550.819200000000,0.010000000000
1387420543,550.819200000000,0.032999990000
1387420543,550.819200000000,0.032999990000
1387420543,550.819200000000,0.014999990000
1387420543,550.819200000000,0.014999990000
1387420543,550.819200000000,0.014999990000
1387420543,550.819200000000,0.032999990000
1387420543,550.819200000000,0.032999990000
1387420543,550.819200000000,0.032999990000
1387420543,550.980000000000,0.033000000000
1387420543,550.980000000000,0.033000000000
1387420543,551.309000000000,0.053999990000
1387420544,551.405110000000,0.033157560000
1387420544,552.137000000000,0.053999990000
1387420544,552.198000000000,0.010000000000
1387420544,552.378420000000,0.035558870000
1387420544,552.966000000000,0.015000000000
1387420544,553.198000000000,0.010000000000
1387420544,553.238480000000,0.072012530000
1387420544,553.796000000000,0.053999990000
1387420544,553.800000000000,1.750000000000
1387420544,553.889990000000,4.118082270000
1387420544,553.889990000000,1.237503530000
1387420558,549.000000000000,0.750000000000
1387420558,547.389310000000,0.011113590000
1387420558,543.211740000000,0.645427710000
1387420559,543.206750000000,1.733458700000
1387420573,552.601920000000,0.149999990000
1387420574,553.796000000000,0.053999990000
1387420574,553.888330000000,0.011000000000
1387420574,553.888330000000,0.011000000000
1387420574,553.995000000000,0.223120500000
1387420575,554.000000000000,3.500000000000
1387420575,554.000000000000,0.000166660000
1387420576,554.400000000000,0.020000000000
1387420576,554.627000000000,0.040999990000
1387420576,554.900000000000,0.100000000000
1387420577,554.959990000000,8.249999990000
1387420577,554.970000000000,0.115996990000
1387420577,555.000000000000,9.471726340000
1387420580,554.000000000000,0.175698500000
1387420584,554.000000000000,0.011000000000
1387420625,546.402980000000,0.073036810000
1387420625,546.000000000000,0.150829560000
1387420625,544.030010000000,0.776133630000
1387420653,553.184680000000,0.072016960000
1387420653,553.998320000000,0.009999990000
1387420653,553.998340000000,0.011000000000
1387420654,554.926990000000,0.089413560000
1387420654,554.932000000000,2.000000000000
1387420654,555.000000000000,0.528273660000
1387420654,555.000000000000,0.400000000000
1387420656,555.000000000000,0.150000000000
1387420656,555.000000000000,0.111672980000
1387420662,555.000000000000,0.011000000000
1387420664,555.000000000000,0.011000000000
1387420675,555.000000000000,0.250000000000
1387420696,555.144460000000,0.049999990000
1387420696,556.000000000000,0.050000000000
1387420696,556.000000000000,0.010000000000
1387420696,556.411000000000,0.061000000000
1387420696,556.594690000000,0.011052510000
1387420697,556.705990000000,0.009999980000
1387420697,556.717770000000,0.071117720000
1387420697,556.745000000000,0.068880830000
1387420697,556.760000000000,1.363047170000
1387420697,556.809890000000,0.050999990000
1387420697,556.833390000000,7.253901810000
1387420704,555.000000000000,0.250000000000
1387420714,556.833390000000,1.075000000000
1387420742,556.833390000000,0.919449780000
1387420742,556.970000000000,0.115580000000
1387420742,557.000000000000,0.200000000000
1387420742,557.000000000000,2.764970220000
1387420749,557.000000000000,7.235029780000
1387420750,557.000000000000,0.243767220000
1387420750,557.130000000000,0.500000000000
1387420750,557.200000000000,0.020000000000
1387420750,557.364000000000,0.060999990000
1387420750,557.540060000000,0.011113590000
1387420750,557.668000000000,0.050999990000
1387420750,558.000000000000,10.000000000000
1387420750,558.000000000000,0.038008230000
1387420750,558.095360000000,0.035558870000
1387420750,558.318000000000,0.060999990000
1387420750,558.661080000000,0.035558860000
1387420753,558.705990000000,0.700000000000
1387420761,558.705990000000,1.000000000000
1387420762,558.705990000000,0.054000000000
1387420763,559.000000000000,0.010000000000
1387420765,559.000000000000,0.190000000000
1387420765,559.128260000000,0.023339990000
1387420765,559.141890000000,0.484473350000
1387420773,559.141890000000,0.010000000000
1387420773,558.705990000000,1.000000000000
1387420780,559.141890000000,0.010000000000
1387420781,559.141890000000,0.382778050000
1387420781,559.189480000000,0.011052510000
1387420782,559.274000000000,0.060999990000
1387420782,559.341000000000,0.052019980000
1387420782,559.666000000000,0.126534920000
1387420782,559.800000000000,0.100000000000
1387420782,559.879990000000,0.234893910000
1387420784,559.869990000000,0.010000000000
1387420788,559.656000000000,0.459812420000
1387420788,559.656000000000,0.010000000000
1387420789,559.656000000000,2.533850470000
1387420795,559.128260000000,0.027193150000
1387420799,558.705990000000,0.010000000000
1387420809,558.705990000000,0.010000000000
1387420813,558.705990000000,0.010000000000
1387420816,558.705990000000,0.192806850000
1387420816,559.800000000000,0.250000000000
1387420817,559.900000000000,0.087913150000
1387420818,559.900000000000,0.010000000000
1387420825,557.071350000000,0.010916450000
1387420825,553.987260000000,0.010925610000
1387420825,551.416760000000,0.010925620000
1387420825,550.105000000000,0.647127220000
1387420825,550.100000000000,1.431777980000
1387420826,550.053420000000,0.014926020000
1387420826,549.216390000000,3.550117550000
1387420827,557.071350000000,0.010000000000
1387420830,557.071350000000,0.229083550000
1387420830,559.900000000000,0.002086850000
1387420830,560.000000000000,0.020000000000
1387420831,560.000000000000,0.312005200000
1387420832,559.995000000000,0.010000000000
1387420837,559.995000000000,0.010000000000
1387420841,559.995000000000,0.011892960000
1387420843,559.995000000000,0.010000000000
1387420846,559.980000000000,0.010000000000
1387420850,559.994990000000,0.010000000000
1387420852,559.999990000000,0.010000000000
1387420857,559.979980000000,0.010000000000
1387420864,552.000000000000,0.250000000000
1387420864,550.050010000000,50.000000000000
1387420864,550.040010000000,0.612241720000
1387420865,550.035020000000,20.953615170000
1387420865,550.035020000000,8.249999990000
1387420865,550.027000000000,6.457973860000
1387420865,550.025010000000,0.026636040000
1387420865,550.010000000000,20.825075910000
1387420865,549.443040000000,0.014332730000
1387420865,549.206380000000,0.014944510000
1387420866,549.034960000000,23.341117890000
1387420866,559.979980000000,0.007187260000
1387420866,559.994990000000,0.002812740000
1387420866,559.994990000000,0.010000000000
1387420867,559.994990000000,0.220365290000
1387420867,560.000000000000,7.663563280000
1387420873,559.995000000000,0.010000000000
1387420874,559.995000000000,0.417880030000
1387420874,560.000000000000,0.125056220000
1387420878,560.000000000000,0.010000000000
1387420887,559.994980000000,0.010000000000
1387420892,559.994980000000,0.009999880000
1387420892,559.995000000000,0.000000120000
1387420899,555.000000000000,2.000000000000
1387420900,559.995000000000,0.010000000000
1387420905,559.995000000000,0.010000000000
1387420906,555.005000000000,0.612988010000
1387420907,555.000000000000,3.000000000000
1387420907,551.000000000000,4.000000000000
1387420907,550.050030000000,0.023738950000
1387420907,549.034960000000,1.658882100000
1387420908,548.517000000000,0.056000000000
1387420908,548.290540000000,0.013619170000
1387420908,548.010010000000,0.684771770000
1387420908,559.995000000000,0.164994940000
1387420908,560.000000000000,1.835005060000
1387420909,559.994980000000,0.055999980000
1387420913,559.992000000000,0.010000000000
1387420922,558.985000000000,0.010000000000
1387420926,555.000000000000,0.010000000000
1387420937,554.995000000000,0.010000000000
1387420944,554.995000000000,0.010000000000
1387420958,554.995000000000,0.010000000000
1387420963,554.995000000000,0.010000000000
1387420963,554.995000000000,0.300014450000
1387420963,554.995000000000,0.032999990000
1387420966,554.995000000000,0.227836460000
1387420968,555.000000000000,0.010000000000
1387420972,555.000000000000,0.010000000000
1387420978,555.000000000000,0.010000000000
1387420981,555.000000000000,0.010000000000
1387420988,555.000000000000,0.010000000000
1387420992,555.000000000000,0.010000000000
1387420999,555.000000000000,0.010000000000
1387421005,555.000000000000,0.010000000000
1387421009,555.000000000000,0.010000000000
1387421012,555.000000000000,0.010000000000
1387421020,555.000000000000,0.010000000000
1387421024,555.000000000000,0.010000000000
1387421027,554.995000000000,0.010000000000
1387421032,555.000000000000,0.010000000000
1387421038,555.000000000000,0.010000000000
1387421048,555.000000000000,0.198548680000
1387421049,555.000000000000,0.651451320000
1387421049,555.000000000000,0.033000000000
1387421049,556.000000000000,17.315548680000
1387421056,555.995000000000,0.010000000000
1387421069,556.000000000000,0.010000000000
1387421078,556.000000000000,0.010000000000
1387421087,556.000000000000,0.010000000000
1387421095,556.000000000000,2.943089280000
1387421095,556.000000000000,0.991800000000
1387421095,558.315000000000,0.173750430000
1387421096,558.320000000000,0.750000000000
1387421096,558.990000000000,0.033000000000
1387421096,558.990000000000,0.033000000000
1387421096,558.990000000000,0.033000000000
1387421096,558.990000000000,0.033000000000
1387421096,559.000000000000,0.000035970000
1387421096,559.000000000000,3.990000000000
1387421096,559.100000000000,0.250000000000
1387421096,559.320000000000,0.750000000000
1387421096,559.992000000000,1.934000000000
1387421096,559.995000000000,0.032999990000
1387421096,559.995000000000,0.032999990000
1387421096,559.995000000000,0.032999990000
1387421096,559.995000000000,0.032999990000
1387421097,560.000000000000,0.054370240000
1387421097,560.000000000000,0.999964000000
1387421097,560.000000000000,1.000000000000
1387421097,560.000000000000,0.010394110000
1387421097,560.000000000000,2.000000000000
1387421097,560.012980000000,0.071581570000
1387421097,560.100000000000,0.020000000000
1387421097,560.166670000000,0.052938320000
1387421097,560.232000000000,0.056999990000
1387421097,560.265300000000,0.009999990000
1387421097,560.392430000000,0.014490660000
1387421097,560.539400000000,0.098500000000
1387421097,560.677780000000,0.073227280000
1387421097,560.970000000000,0.114755990000
1387421098,561.019020000000,0.053059980000
1387421098,561.136000000000,0.057000000000
1387421098,561.698760000000,0.010925620000
1387421098,561.740000000000,0.020476980000
1387421098,562.041000000000,0.057999990000
1387421098,562.140000000000,0.250000000000
1387421098,562.273050000000,0.010000000000
1387421098,562.702080000000,0.054119990000
1387421098,562.794050000000,2.780515470000
1387421104,562.135000000000,0.010000000000
1387421105,562.135000000000,0.069016710000
1387421105,562.784050000000,0.701686530000
1387421109,562.784040000000,0.010000000000
1387421112,560.100000000000,0.010000000000
1387421116,560.100000000000,0.010000000000
1387421120,561.000000000000,0.010000000000
1387421122,561.000000000000,0.005000000000
1387421122,562.078000000000,0.005000000000
1387421122,562.078000000000,0.050000000000
1387421123,562.779040000000,0.081582160000
1387421123,562.780290000000,1.704201030000
1387421124,560.100000000000,0.010000000000
1387421129,560.100000000000,0.010000000000
1387421132,562.779650000000,0.010000000000
1387421134,562.367200000000,0.010000000000
1387421149,560.100000000000,0.010000000000
1387421151,560.100000000000,0.010000000000
1387421151,562.357180000000,0.457338800000
1387421154,562.347180000000,0.010000000000
