1307828822,7500.000000000000,1.000000000000
1307863899,7000.000000000000,1.000000000000
1308263460,7950.000000000000,1.000000000000
1308406468,5500.000000000000,1.000000000000
1308413595,5500.000000000000,1.000000000000
1308508077,4250.000000000000,1.000000000000
1309218970,4270.000000000000,1.000000000000
1309798693,4300.000000000000,1.000000000000
1309798693,4225.000000000000,2.000000000000
1309798737,4200.000000000000,2.000000000000
1309854175,4000.000000000000,1.000000000000
1310243147,4000.000000000000,1.000000000000
1310325955,4000.000000000000,1.000000000000
1310455239,4000.000000000000,1.000000000000
1310455279,4000.000000000000,1.000000000000
1310544528,4000.000000000000,1.000000000000
1312216733,3650.000000000000,1.000000000000
1312216734,3610.000000000000,5.000000000000
1312216734,3601.000000000000,1.000000000000
1312218936,3600.010000000000,1.000000000000
1312219837,3501.000000000000,3.000000000000
1312219837,3500.000000000000,2.000000000000
1312219837,3500.000000000000,4.000000000000
1312227821,3900.000000000000,1.000000000000
1312667074,3000.000000000000,2.000000000000
1312892630,2575.000000000000,1.000000000000
1312901858,2800.000000000000,1.000000000000
1312905127,3899.990000000000,1.000000000000
1312907723,3400.000000000000,1.000000000000
1312907743,3400.000000000000,1.000000000000
1312925272,3400.000000000000,3.000000000000
1312994824,3400.000000000000,2.000000000000
1313121381,3000.000000000000,3.000000000000
1313157221,3000.000000000000,2.000000000000
1313270386,3000.000000000000,2.000000000000
1313476542,3200.000000000000,2.000000000000
1313585465,3200.000000000000,2.000000000000
1313612188,3200.000000000000,2.000000000000
1313702177,3100.000000000000,3.000000000000
1313738809,3050.000000000000,1.000000000000
1313768278,3250.000000000000,1.000000000000
1313817698,3200.000000000000,1.000000000000
1313818059,3350.000000000000,1.000000000000
1313859241,3150.000000000000,1.000000000000
1313879200,3200.000000000000,1.000000000000
1313907708,3200.000000000000,1.000000000000
1314026512,3100.000000000000,1.000000000000
1314082105,3100.000000000000,1.000000000000
1314139235,3100.000000000000,1.000000000000
1314239044,3100.000000000000,1.000000000000
1314286608,3030.000000000000,1.000000000000
1314386972,3030.000000000000,2.000000000000
1314386997,3025.000000000000,1.000000000000
1314387013,2500.000000000000,1.000000000000
1314387026,2400.000000000000,1.000000000000
1314387042,2375.000000000000,1.000000000000
1314761852,2350.000000000000,1.000000000000
1314833819,2090.000000000000,1.000000000000
1314833820,2060.000000000000,1.000000000000
1314833820,2051.000000000000,1.000000000000
1315346240,2100.000000000000,1.000000000000
1315382151,2100.000000000000,1.000000000000
1315382151,2050.000000000000,5.000000000000
1315382151,2020.000000000000,2.000000000000
1315382151,2010.000000000000,1.000000000000
1315382151,2000.000000000000,1.000000000000
1315385203,1980.000000000000,1.000000000000
1315385332,1980.000000000000,1.000000000000
1315385341,1980.000000000000,1.000000000000
1315385785,1950.000000000000,3.000000000000
1315386304,1920.000000000000,1.000000000000
1315386317,1900.000000000000,2.000000000000
1315386317,1900.000000000000,1.000000000000
1315386334,1900.000000000000,1.000000000000
1315392439,1800.000000000000,1.000000000000
1315392439,1200.000000000000,1.000000000000
1315479334,1400.000000000000,0.100000000000
1315587481,1470.000000000000,3.000000000000
1315587481,1450.000000000000,1.000000000000
1315587482,1400.000000000000,1.000000000000
1315587482,1350.000000000000,1.000000000000
1315587545,1300.000000000000,1.000000000000
1315681123,1250.000000000000,1.000000000000
1315686592,1250.000000000000,1.000000000000
1315686592,1250.000000000000,1.000000000000
1315686592,1230.000000000000,2.000000000000
1315686593,1230.000000000000,2.000000000000
1315777826,1770.000000000000,1.000000000000
1315856667,1770.000000000000,2.000000000000
1315856667,1899.990000000000,4.850000000000
1315959585,1850.000000000000,0.400000000000
1316100271,1610.000000000000,0.200000000000
1316156999,1550.000000000000,1.000000000000
1316157000,1450.000000000000,2.000000000000
1316157000,1440.000000000000,2.000000000000
1316173806,1400.000000000000,0.020000000000
1316175869,1400.000000000000,0.380000000000
1316175869,1385.000000000000,3.000000000000
1316175869,1380.000000000000,5.000000000000
1316175870,1350.000000000000,10.000000000000
1316175870,1300.000000000000,0.100000000000
1316175870,1300.000000000000,0.520000000000
1316282971,1480.000000000000,0.340000000000
1316293743,1480.000000000000,1.000000000000
1316425612,1327.010000000000,1.000000000000
1316425622,1327.000000000000,15.000000000000
1316517703,1480.000000000000,1.000000000000
1316549018,1480.000000000000,7.660000000000
1316549019,1499.980000000000,1.000000000000
1316549019,1499.990000000000,14.340000000000
1316586903,1499.990000000000,0.780000000000
1316586903,1520.000000000000,6.000000000000
1316586904,1550.000000000000,5.220000000000
1316599578,1550.000000000000,4.780000000000
1316673813,1480.000000000000,0.560000000000
1316673813,1470.010000000000,0.010000000000
1316673814,1470.000000000000,3.000000000000
1316673815,1450.000000000000,6.000000000000
1316673815,1430.000000000000,0.430000000000
1316762926,1448.590000000000,0.540000000000
1316762926,1430.000000000000,2.460000000000
1316762961,1430.000000000000,0.110000000000
1316762961,1420.020000000000,0.100000000000
1316762961,1420.010000000000,0.060000000000
1316762961,1420.000000000000,0.000000000000
1316858245,1420.000000000000,2.300000000000
1316934475,1450.000000000000,1.000000000000
1316934476,1420.000000000000,0.230000000000
1316934476,1400.010000000000,0.580000000000
1316934476,1400.000000000000,0.190000000000
1317025894,1400.010000000000,1.000000000000
1317025894,1400.000000000000,1.500000000000
1317044759,1410.000000000000,3.000000000000
1317044759,1400.010000000000,0.210000000000
1317044759,1400.000000000000,1.790000000000
1317122806,1499.990000000000,1.000000000000
1317122806,1500.000000000000,1.000000000000
1317136993,1410.000000000000,1.150000000000
1317136995,1400.020000000000,0.850000000000
1317188196,1499.990000000000,0.660000000000
1317206522,1460.000000000000,1.000000000000
1317206522,1460.000000000000,1.000000000000
1317206522,1460.000000000000,1.000000000000
1317206523,1460.000000000000,1.000000000000
1317206523,1400.010000000000,0.050000000000
1317206523,1400.000000000000,13.950000000000
1317206966,1400.000000000000,0.570000000000
1317206967,1397.890000000000,0.100000000000
1317206967,1397.880000000000,0.010000000000
1317206967,1392.090000000000,0.050000000000
1317206967,1390.030000000000,0.270000000000
1317206967,1390.020000000000,0.000000000000
1317207003,1390.020000000000,0.070000000000
1317207003,1390.010000000000,0.100000000000
1317221717,1374.520000000000,0.120000000000
1317221718,1370.000000000000,0.880000000000
1317230457,1370.000000000000,0.190000000000
1317278000,1390.000000000000,2.000000000000
1317292409,1361.020000000000,0.010000000000
1317292409,1361.010000000000,0.040000000000
1317292409,1360.000000000000,2.000000000000
1317292410,1350.020000000000,0.010000000000
1317292410,1350.010000000000,1.000000000000
1317292410,1340.630000000000,0.050000000000
1317292411,1335.000000000000,7.890000000000
1317394774,1326.070000000000,0.010000000000
1317394775,1326.060000000000,0.010000000000
1317394775,1326.050000000000,0.010000000000
1317394775,1326.040000000000,0.010000000000
1317394776,1326.030000000000,0.010000000000
1317394776,1326.020000000000,0.010000000000
1317394776,1326.010000000000,0.010000000000
1317394776,1325.000000000000,0.930000000000
1317481296,1350.000000000000,1.090000000000
1317481297,1389.000000000000,1.910000000000
1317526428,1389.000000000000,0.090000000000
1317526428,1390.000000000000,8.830000000000
1317526429,1400.270000000000,0.010000000000
1317526429,1426.840000000000,0.010000000000
1317526429,1463.950000000000,0.010000000000
1317526430,1480.360000000000,0.120000000000
1317526430,1482.520000000000,0.010000000000
1317526430,1485.200000000000,0.010000000000
1317526430,1489.130000000000,0.010000000000
1317526430,1490.000000000000,2.000000000000
1317526430,1491.770000000000,0.010000000000
1317526431,1500.000000000000,0.890000000000
1317528421,1500.000000000000,1.110000000000
1317540433,1500.000000000000,3.000000000000
1317569896,1510.000000000000,3.530000000000
1317569897,1512.010000000000,1.000000000000
1317569897,1520.000000000000,2.000000000000
1317569897,1520.260000000000,0.010000000000
1317570121,1530.770000000000,0.060000000000
1317570122,1531.000000000000,0.050000000000
1317570122,1533.620000000000,0.010000000000
1317570122,1536.580000000000,0.040000000000
1317570122,1540.000000000000,0.390000000000
1317727586,1390.010000000000,0.460000000000
1317727587,1390.000000000000,0.540000000000
1317733496,1390.000000000000,1.460000000000
1317733497,1380.020000000000,0.290000000000
1317733497,1380.010000000000,0.540000000000
1317733497,1380.000000000000,1.000000000000
1317733497,1370.000000000000,1.000000000000
1317733498,1361.000000000000,1.710000000000
1317803720,1361.010000000000,1.000000000000
1317803720,1361.000000000000,0.290000000000
1317803722,1360.000000000000,1.500000000000
1317803722,1355.000000000000,2.000000000000
1317803723,1350.000000000000,0.210000000000
1317971820,1340.000000000000,0.750000000000
1317971821,1330.000000000000,2.000000000000
1317971822,1325.000000000000,1.070000000000
1317971822,1324.180000000000,0.360000000000
1317971822,1317.030000000000,0.350000000000
1317971822,1310.000000000000,0.470000000000
1318057145,1310.000000000000,0.550000000000
1318064100,1310.000000000000,1.000000000000
1318229098,1308.450000000000,0.310000000000
1318229099,1304.170000000000,0.010000000000
1318229099,1304.160000000000,0.340000000000
1318229099,1300.010000000000,0.010000000000
1318229099,1270.000000000000,1.110000000000
1318340987,1270.000000000000,0.170000000000
1318340988,1250.010000000000,0.010000000000
1318340988,1222.650000000000,0.550000000000
1318340988,1210.000000000000,2.270000000000
1318403212,1210.010000000000,0.010000000000
1318403214,1210.000000000000,0.730000000000
1318403214,1205.010000000000,0.010000000000
1318403214,1205.000000000000,2.000000000000
1318403215,1200.000000000000,0.250000000000
1318403215,1186.900000000000,0.350000000000
1318403215,1184.040000000000,0.370000000000
1318403215,1166.880000000000,0.130000000000
1318403215,1160.000000000000,6.130000000000
1318406631,1160.000000000000,0.870000000000
1318406631,1160.000000000000,10.000000000000
1318406631,1150.000000000000,1.000000000000
1318406631,1140.000000000000,13.130000000000
1318424924,1165.000000000000,5.000000000000
1318424924,1150.000000000000,10.000000000000
1318424924,1140.000000000000,3.000000000000
1318425617,1140.000000000000,2.010000000000
1318449802,1140.000000000000,1.860000000000
1318449804,1110.000000000000,7.000000000000
1318449804,1100.000000000000,5.000000000000
1318449805,1100.000000000000,0.500000000000
1318449805,1100.000000000000,0.640000000000
1318519519,1200.000000000000,5.000000000000
1318772893,1215.500000000000,0.500000000000
1318784491,1227.560000000000,0.130000000000
1318784493,1278.760000000000,0.370000000000
1318784493,1292.290000000000,0.010000000000
1318784493,1300.000000000000,1.390000000000
1318839529,1110.000000000000,0.500000000000
1318839529,1100.000000000000,1.360000000000
1318839529,1075.000000000000,15.000000000000
1318839530,1060.000000000000,0.100000000000
1318839530,1056.000000000000,0.250000000000
1318839530,1055.000000000000,1.000000000000
1318839530,1050.000000000000,1.000000000000
1318839530,1050.000000000000,6.000000000000
1318839530,1040.000000000000,0.250000000000
1318839531,1030.000000000000,0.150000000000
1318839531,1025.000000000000,3.000000000000
1318839585,1005.000000000000,0.390000000000
1318864106,1005.000000000000,28.000000000000
1318864313,1005.000000000000,0.610000000000
1318864314,1000.000000000000,1.000000000000
1318864314,1000.000000000000,1.000000000000
1318864314,1000.000000000000,10.000000000000
1318864314,990.000000000000,49.390000000000
1318864889,1304.400000000000,0.250000000000
1318864890,1341.200000000000,0.350000000000
1318864890,1341.250000000000,0.550000000000
1318864890,1365.280000000000,0.010000000000
1318864891,1389.710000000000,0.010000000000
1318864891,1391.540000000000,0.340000000000
1318864891,1394.360000000000,0.360000000000
1318864891,1396.050000000000,0.350000000000
1318864891,1403.760000000000,0.010000000000
1318864892,1413.130000000000,0.010000000000
1318864975,1413.130000000000,0.300000000000
1318865680,1000.000000000000,4.500000000000
1318873221,1200.000000000000,0.840000000000
1318885465,990.000000000000,0.610000000000
1318901970,1200.000000000000,4.000000000000
1318946196,1150.000000000000,3.500000000000
1318946809,1237.000000000000,16.500000000000
1319026790,875.000000000000,10.000000000000
1319027024,865.000000000000,1.220000000000
1319027024,850.000000000000,3.500000000000
1319051965,830.000000000000,2.000000000000
1319051966,825.000000000000,5.000000000000
1319053094,810.000000000000,2.000000000000
1319141364,810.000000000000,4.000000000000
1319141379,805.000000000000,2.000000000000
1319143762,910.000000000000,2.000000000000
1319143763,925.000000000000,5.000000000000
1319143764,935.000000000000,2.000000000000
1319143764,950.000000000000,3.500000000000
1319143764,965.000000000000,1.220000000000
1319143765,975.000000000000,4.080000000000
1319143801,975.000000000000,0.570000000000
1319196531,865.000000000000,5.000000000000
1319196550,855.000000000000,1.220000000000
1319286664,910.000000000000,4.000000000000
1319286666,925.000000000000,2.000000000000
1319286666,965.000000000000,1.310000000000
1319286666,970.000000000000,5.000000000000
1319286666,975.000000000000,2.930000000000
1319286702,975.000000000000,0.400000000000
1319316692,975.000000000000,4.020000000000
1319389546,950.000000000000,5.000000000000
1319389547,902.000000000000,4.020000000000
1319417248,902.000000000000,0.220000000000
1319418099,1299.000000000000,1.000000000000
1319418426,1299.000000000000,4.000000000000
1319474594,902.000000000000,3.760000000000
1319474595,902.000000000000,7.000000000000
1319474595,890.000000000000,1.310000000000
1319474596,880.000000000000,5.000000000000
1319474596,870.000000000000,0.930000000000
1319487562,870.000000000000,3.070000000000
1319487580,850.000000000000,0.450000000000
1319487580,810.000000000000,2.000000000000
1319487580,810.000000000000,19.550000000000
1319719935,830.000000000000,10.000000000000
1319731741,900.000000000000,15.000000000000
1319734940,820.000000000000,10.000000000000
1319737582,815.000000000000,10.000000000000
1319738244,895.000000000000,5.000000000000
1319738277,910.000000000000,2.000000000000
1319738277,910.000000000000,10.000000000000
1319738277,920.000000000000,6.000000000000
1319738277,930.000000000000,3.200000000000
1319738301,930.000000000000,0.400000000000
1319796730,830.000000000000,10.000000000000
1319798490,830.000000000000,2.000000000000
1319807424,920.000000000000,14.500000000000
1319873952,920.000000000000,2.500000000000
1319873953,930.000000000000,1.400000000000
1319873953,940.000000000000,3.000000000000
1319873954,945.000000000000,8.000000000000
1319873954,950.000000000000,0.450000000000
1319873954,960.000000000000,5.650000000000
1319874014,960.000000000000,1.350000000000
1319874014,960.000000000000,1.650000000000
1319875471,960.000000000000,4.000000000000
1319876009,960.000000000000,14.350000000000
1319876009,970.000000000000,4.000000000000
1319876009,975.000000000000,6.650000000000
1319876022,975.000000000000,1.000000000000
1319892891,990.000000000000,1.310000000000
1319892892,1000.000000000000,3.090000000000
1319970477,950.000000000000,13.000000000000
1319996714,1000.000000000000,1.910000000000
1319996725,1100.000000000000,2.090000000000
1320008846,1100.000000000000,1.000000000000
1320015418,1100.000000000000,1.910000000000
1320015562,1140.000000000000,0.910000000000
1320030192,1140.000000000000,1.000000000000
1320030247,1140.000000000000,1.100000000000
1320030268,1140.000000000000,1.990000000000
1320030269,1140.000000000000,0.010000000000
1320030308,1140.000000000000,1.000000000000
1320030361,1140.000000000000,1.000000000000
1320030383,1140.000000000000,1.000000000000
1320030425,1140.000000000000,0.250000000000
1320030463,1140.000000000000,0.150000000000
1320030695,1140.000000000000,0.250000000000
1320030734,1140.000000000000,0.350000000000
1320219664,1120.000000000000,4.000000000000
1320219665,1120.000000000000,4.000000000000
1320219809,1140.000000000000,0.990000000000
1320219810,1145.000000000000,3.010000000000
1320224257,1145.000000000000,1.500000000000
1320227122,1145.000000000000,1.000000000000
1320229834,945.000000000000,4.000000000000
1320229845,940.000000000000,5.000000000000
1320239825,935.000000000000,5.000000000000
1320239836,925.000000000000,5.000000000000
1320239847,920.000000000000,10.000000000000
1320324124,975.000000000000,1.000000000000
1320327435,975.000000000000,12.000000000000
1320342618,999.000000000000,2.000000000000
1320407831,910.000000000000,10.000000000000
1320508231,901.000000000000,5.000000000000
1320508242,900.000000000000,0.700000000000
1320508242,891.000000000000,1.000000000000
1320508242,891.000000000000,1.000000000000
1320508243,890.000000000000,1.310000000000
1320508243,855.000000000000,5.000000000000
1320508243,850.000000000000,5.000000000000
1320508243,845.000000000000,0.990000000000
1320588308,918.000000000000,14.000000000000
1320595213,915.000000000000,12.000000000000
1320595282,918.000000000000,6.000000000000
1320595296,919.000000000000,5.000000000000
1320601909,900.000000000000,3.000000000000
1320601910,909.000000000000,2.000000000000
1320602810,850.000000000000,1.000000000000
1320609891,909.000000000000,8.000000000000
1320694293,860.000000000000,13.000000000000
1320700314,929.000000000000,1.000000000000
1320700318,930.000000000000,1.000000000000
1320851359,915.000000000000,0.700000000000
1320882515,880.000000000000,2.000000000000
1320882570,851.000000000000,1.000000000000
1320882570,850.000000000000,2.000000000000
1320882571,845.000000000000,9.010000000000
1320882571,840.000000000000,4.990000000000
1320916223,915.000000000000,8.650000000000
1320960698,845.000000000000,3.000000000000
1320960724,841.000000000000,1.000000000000
1320976708,840.000000000000,0.010000000000
1320976947,890.000000000000,1.000000000000
1321039257,831.000000000000,2.000000000000
1321080844,821.000000000000,1.000000000000
1321104772,829.000000000000,1.000000000000
1321106417,910.000000000000,1.000000000000
1321175238,910.000000000000,5.000000000000
1321199323,820.000000000000,1.000000000000
1321236436,820.000000000000,4.000000000000
1321254001,915.000000000000,0.320000000000
1321272109,816.000000000000,10.000000000000
1321272110,815.000000000000,10.000000000000
1321272722,811.000000000000,2.000000000000
1321272734,810.000000000000,10.000000000000
1321272748,800.000000000000,38.000000000000
1321273089,800.000000000000,10.000000000000
1321308848,800.000000000000,2.000000000000
1321333363,775.000000000000,0.320000000000
1321384595,830.000000000000,5.000000000000
1321384711,845.000000000000,10.000000000000
1321384792,915.000000000000,3.330000000000
1321384822,917.000000000000,1.000000000000
1321384823,919.990000000000,2.490000000000
1321384897,919.990000000000,1.000000000000
1321384898,920.000000000000,2.000000000000
1321384898,921.000000000000,2.000000000000
1321384938,935.000000000000,3.950000000000
1321480410,797.000000000000,1.000000000000
1321518441,797.000000000000,1.000000000000
1321555764,800.000000000000,2.000000000000
1321557772,798.000000000000,1.000000000000
1321558483,797.000000000000,1.000000000000
1321566765,791.000000000000,1.060000000000
1321623526,791.000000000000,0.940000000000
1321623776,790.000000000000,2.000000000000
1321668145,778.000000000000,1.000000000000
1321668160,777.000000000000,1.000000000000
1321668431,818.990000000000,0.100000000000
1321668431,819.000000000000,2.000000000000
1321668565,820.000000000000,1.000000000000
1321668752,850.000000000000,1.000000000000
1321668835,900.000000000000,2.000000000000
1321668835,910.000000000000,1.010000000000
1321668836,912.000000000000,1.000000000000
1321668836,919.990000000000,0.100000000000
1321668836,920.000000000000,6.990000000000
1321672247,775.000000000000,2.680000000000
1321672412,765.000000000000,1.000000000000
1321672461,745.000000000000,5.000000000000
1321672562,740.000000000000,1.000000000000
1321711484,761.000000000000,2.000000000000
1321713330,761.000000000000,0.500000000000
1321713431,760.000000000000,2.000000000000
1321713814,750.000000000000,1.000000000000
1321713855,741.000000000000,1.000000000000
1321718535,771.000000000000,1.000000000000
1321719887,785.000000000000,1.000000000000
1321720074,789.000000000000,2.000000000000
1321720074,790.000000000000,0.500000000000
1321720074,791.000000000000,2.000000000000
1321720074,797.000000000000,1.000000000000
1321720074,798.000000000000,1.000000000000
1321720255,815.000000000000,1.000000000000
1321720255,835.000000000000,2.000000000000
1321720255,845.000000000000,2.000000000000
1321720255,865.000000000000,1.000000000000
1321720256,875.000000000000,3.000000000000
1321720389,920.000000000000,33.010000000000
1321720389,920.000000000000,3.000000000000
1321720390,920.000000000000,2.000000000000
1321720390,935.000000000000,1.050000000000
1321720390,939.000000000000,0.700000000000
1321720390,940.000000000000,3.000000000000
1321720390,941.000000000000,3.000000000000
1321720390,945.000000000000,4.000000000000
1321720391,980.000000000000,2.000000000000
1321720511,1000.000000000000,7.000000000000
1321720511,1009.000000000000,4.000000000000
1321726625,790.000000000000,1.000000000000
1321730622,790.000000000000,0.880000000000
1321733638,790.000000000000,0.120000000000
1321733677,785.000000000000,3.880000000000
1321754026,785.000000000000,0.120000000000
1321754088,781.000000000000,2.880000000000
1321769419,781.000000000000,0.120000000000
1321769443,780.000000000000,0.880000000000
1321774075,780.000000000000,2.120000000000
1321774075,778.000000000000,3.000000000000
1321774076,778.000000000000,2.000000000000
1321774076,775.000000000000,0.880000000000
1321794431,775.000000000000,1.000000000000
1321796384,820.000000000000,2.000000000000
1321796414,828.000000000000,3.000000000000
1321841990,775.000000000000,1.120000000000
1321842053,765.000000000000,1.000000000000
1321842332,751.000000000000,0.500000000000
1321877354,751.000000000000,1.500000000000
1321892988,748.000000000000,3.000000000000
1321893010,745.000000000000,1.000000000000
1321893091,741.000000000000,1.000000000000
1321893128,740.000000000000,4.000000000000
1321893128,740.000000000000,0.500000000000
1321893186,735.000000000000,2.000000000000
1321898591,730.000000000000,5.000000000000
1321898721,729.000000000000,2.000000000000
1321902310,725.000000000000,2.000000000000
1321902375,721.000000000000,2.000000000000
1321902394,720.000000000000,2.000000000000
1321911031,725.000000000000,0.620000000000
1321913291,725.000000000000,1.380000000000
1321913375,720.000000000000,2.000000000000
1321914000,715.000000000000,0.620000000000
1321915141,715.000000000000,2.380000000000
1321915152,710.000000000000,2.000000000000
1321915170,705.000000000000,0.270000000000
1321968272,705.000000000000,1.730000000000
1321972094,735.000000000000,2.000000000000
1321972095,738.000000000000,3.000000000000
1321972095,740.000000000000,2.000000000000
1321972910,741.000000000000,2.000000000000
1321973729,745.000000000000,2.000000000000
1321973729,748.000000000000,2.000000000000
1321986989,750.000000000000,2.000000000000
1321987073,753.000000000000,2.000000000000
1321987131,754.000000000000,3.000000000000
1321987135,754.000000000000,2.000000000000
1321987173,755.000000000000,1.000000000000
1321988469,715.000000000000,2.000000000000
1321988487,714.000000000000,2.000000000000
1321989767,725.000000000000,1.980000000000
1321998961,735.000000000000,2.000000000000
1321998973,740.000000000000,2.000000000000
1322030437,741.000000000000,23.000000000000
1322042393,755.000000000000,1.000000000000
1322042416,770.000000000000,2.000000000000
1322082545,730.000000000000,2.000000000000
1322082552,725.000000000000,0.020000000000
1322082555,725.000000000000,2.000000000000
1322082556,723.000000000000,2.000000000000
1322082557,721.000000000000,2.000000000000
1322082559,720.000000000000,0.980000000000
1322083421,720.000000000000,2.020000000000
1322083422,720.000000000000,2.000000000000
1322088694,745.000000000000,2.700000000000
1322103728,740.000000000000,3.940000000000
1322104235,740.000000000000,10.000000000000
1322126674,740.000000000000,8.000000000000
1322133488,740.000000000000,71.060000000000
1322156137,735.000000000000,68.000000000000
1322157381,735.000000000000,134.000000000000
1322241782,735.000000000000,34.400000000000
1322241782,715.000000000000,0.600000000000
1322292038,715.000000000000,1.400000000000
1322292075,711.000000000000,2.000000000000
1322322037,741.000000000000,2.000000000000
1322322779,745.000000000000,0.300000000000
1322322784,745.000000000000,2.000000000000
1322322788,750.000000000000,2.000000000000
1322322789,752.000000000000,2.000000000000
1322322790,755.000000000000,2.000000000000
1322333889,758.000000000000,2.000000000000
1322333891,759.000000000000,2.000000000000
1322333892,780.000000000000,3.000000000000
1322333892,781.000000000000,1.000000000000
1322333894,785.000000000000,0.500000000000
1322402198,785.000000000000,1.500000000000
1322402200,786.000000000000,2.000000000000
1322402200,791.000000000000,2.000000000000
1322402201,795.000000000000,1.000000000000
1322402201,798.000000000000,3.000000000000
1322402201,800.000000000000,22.500000000000
1322411421,800.000000000000,0.010000000000
1322415132,790.000000000000,20.980000000000
1322422004,790.000000000000,10.000000000000
1322426110,800.000000000000,27.490000000000
1322426467,800.000000000000,100.000000000000
1322430555,800.000000000000,21.110000000000
1322430560,790.000000000000,8.890000000000
1322479141,830.000000000000,3.000000000000
1322479147,841.000000000000,2.000000000000
1322479840,841.000000000000,1.000000000000
1322479842,855.000000000000,4.000000000000
1322479844,880.000000000000,2.000000000000
1322479845,890.000000000000,1.000000000000
1322480044,900.000000000000,37.000000000000
1322489045,915.000000000000,38.500000000000
1322491164,830.000000000000,10.000000000000
1322498773,890.000000000000,99.980000000000
1322505830,890.000000000000,51.420000000000
1322508594,990.000000000000,2.000000000000
1322508654,1000.000000000000,2.000000000000
1322508656,1009.000000000000,1.000000000000
1322508656,1010.000000000000,5.000000000000
1322508658,1019.000000000000,10.000000000000
1322508659,1025.000000000000,5.000000000000
1322508659,1035.000000000000,5.000000000000
1322508660,1050.000000000000,5.000000000000
1322508725,1145.000000000000,4.490000000000
1322508890,1357.680000000000,0.130000000000
1322508934,1455.900000000000,0.500000000000
1322508934,1455.910000000000,0.540000000000
1322508935,1459.070000000000,0.370000000000
1322508935,1490.670000000000,0.010000000000
1322508935,1497.320000000000,0.290000000000
1322508935,1500.000000000000,0.150000000000
1322508935,1500.000000000000,3.140000000000
1322557852,925.000000000000,4.000000000000
1322575625,924.000000000000,1.000000000000
1322575627,925.000000000000,31.000000000000
1322577303,925.000000000000,54.000000000000
1322577849,925.000000000000,10.980000000000
1322577896,1099.000000000000,36.000000000000
1322577920,1099.000000000000,0.200000000000
1322578627,950.000000000000,8.000000000000
1322578629,1000.000000000000,60.000000000000
1322578681,1099.000000000000,6.000000000000
1322584343,806.000000000000,0.350000000000
1322584538,805.000000000000,0.350000000000
1322593197,950.000000000000,1.000000000000
1322604947,900.000000000000,191.400000000000
1322605404,950.000000000000,49.000000000000
1322605404,1000.000000000000,50.000000000000
1322605505,1099.000000000000,7.800000000000
1322605689,1500.000000000000,15.500000000000
1322634072,900.000000000000,20.000000000000
1322634073,925.000000000000,5.000000000000
1322661044,900.000000000000,0.200000000000
1322664055,835.000000000000,0.460000000000
1322664564,835.000000000000,0.530000000000
1322667471,890.000000000000,5.000000000000
1322667471,900.000000000000,29.800000000000
1322667472,925.000000000000,45.000000000000
1322667472,950.000000000000,50.000000000000
1322667606,975.000000000000,29.400000000000
1322684174,880.000000000000,0.370000000000
1322684599,900.000000000000,0.880000000000
1322689396,920.000000000000,5.000000000000
1322689397,925.000000000000,5.000000000000
1322689397,950.000000000000,15.000000000000
1322689397,975.000000000000,20.600000000000
1322689398,1000.000000000000,29.400000000000
1322689463,1000.000000000000,0.600000000000
1322689463,1300.000000000000,9.000000000000
1322689464,1450.000000000000,25.400000000000
1322692147,1200.000000000000,42.000000000000
1322692607,1200.000000000000,41.000000000000
1322703584,1200.000000000000,11.800000000000
1322728527,1150.000000000000,23.180000000000
1322728569,1150.000000000000,96.000000000000
1322728876,1150.000000000000,50.000000000000
1322729012,1200.000000000000,2.360000000000
1322763377,1130.000000000000,5.000000000000
1322763378,1145.000000000000,31.980000000000
1322763378,1148.000000000000,7.020000000000
1322765708,1148.000000000000,51.960000000000
1322765708,1150.000000000000,34.040000000000
1322766803,1150.000000000000,15.960000000000
1322766804,1200.000000000000,2.840000000000
1322766804,1300.000000000000,76.200000000000
1322770035,1300.000000000000,43.800000000000
1322779188,1180.000000000000,0.800000000000
1322785241,1180.000000000000,39.000000000000
1322849887,1035.000000000000,0.880000000000
1322849887,1040.000000000000,2.000000000000
1322850000,1050.000000000000,0.440000000000
1322850000,1060.000000000000,3.330000000000
1322874669,1000.000000000000,0.880000000000
1322874669,1060.000000000000,6.670000000000
1322874669,1070.000000000000,10.000000000000
1322874669,1080.000000000000,10.000000000000
1322874670,1090.000000000000,10.000000000000
1322874670,1099.000000000000,67.250000000000
1322906134,1076.000000000000,0.380000000000
1322906172,960.000000000000,0.500000000000
1322922494,960.000000000000,5.260000000000
1322923934,1050.000000000000,4.740000000000
1322923934,1099.000000000000,32.750000000000
1322923935,1099.000000000000,7.510000000000
1322924707,1150.000000000000,6.850000000000
1323002646,960.000000000000,4.240000000000
1323002647,950.000000000000,10.000000000000
1323002648,940.000000000000,10.000000000000
1323002649,930.000000000000,5.760000000000
1323010206,930.000000000000,0.890000000000
1323018138,930.000000000000,3.350000000000
1323018169,920.000000000000,1.200000000000
1323044439,1000.000000000000,50.000000000000
1323044439,1025.000000000000,50.000000000000
1323055624,950.000000000000,7.500000000000
1323084316,928.000000000000,0.180000000000
1323084316,920.000000000000,0.720000000000
1323093694,920.000000000000,0.080000000000
1323093694,900.000000000000,0.810000000000
1323096300,949.000000000000,0.900000000000
1323096300,950.000000000000,42.500000000000
1323107066,950.000000000000,18.600000000000
1323107067,950.000000000000,0.390000000000
1323121537,925.000000000000,1.000000000000
1323127060,890.000000000000,0.340000000000
1323154888,890.000000000000,4.660000000000
1323154918,880.000000000000,4.950000000000
1323163108,940.000000000000,4.900000000000
1323163108,950.000000000000,50.000000000000
1323163108,970.000000000000,2.000000000000
1323163109,975.000000000000,21.100000000000
1323163162,975.000000000000,2.000000000000
1323174245,900.000000000000,2.000000000000
1323174246,900.000000000000,198.000000000000
1323191786,945.000000000000,1.900000000000
1323191787,950.000000000000,30.000000000000
1323191787,975.000000000000,36.100000000000
1323192052,940.000000000000,1.000000000000
1323199807,920.000000000000,100.000000000000
1323201904,920.000000000000,39.730000000000
1323206049,920.000000000000,0.270000000000
1323206051,950.000000000000,77.730000000000
1323224478,950.000000000000,22.270000000000
1323224499,975.000000000000,40.800000000000
1323224542,999.000000000000,43.400000000000
1323232046,999.000000000000,0.100000000000
1323269030,905.000000000000,1.000000000000
1323276375,940.000000000000,1.000000000000
1323288777,900.000000000000,2.000000000000
1323288778,890.000000000000,2.000000000000
1323290692,940.000000000000,9.000000000000
1323290693,950.000000000000,0.900000000000
1323290694,960.000000000000,41.800000000000
1323342959,925.000000000000,100.000000000000
1323342981,950.000000000000,1.900000000000
1323342981,960.000000000000,8.200000000000
1323342997,990.000000000000,11.480000000000
1323343031,998.000000000000,1.000000000000
1323343031,999.000000000000,24.420000000000
1323358723,930.000000000000,50.000000000000
1323358733,950.000000000000,50.000000000000
1323358764,970.000000000000,82.000000000000
1323358844,999.000000000000,32.080000000000
1323358878,1000.000000000000,27.000000000000
1323389378,906.000000000000,2.000000000000
1323389393,905.000000000000,1.000000000000
1323389407,900.000000000000,8.050000000000
1323409187,950.000000000000,1.000000000000
1323413079,950.000000000000,99.000000000000
1323413117,975.000000000000,2.220000000000
1323441260,930.000000000000,31.000000000000
1323446395,930.000000000000,19.000000000000
1323446396,930.000000000000,1.000000000000
1323446396,935.000000000000,100.000000000000
1323446426,940.000000000000,50.000000000000
1323446426,945.000000000000,5.000000000000
1323446426,947.000000000000,4.000000000000
1323446452,950.000000000000,100.000000000000
1323446453,950.000000000000,5.000000000000
1323446471,955.000000000000,5.000000000000
1323446471,960.000000000000,10.000000000000
1323446472,965.000000000000,1.000000000000
1323467397,940.000000000000,4.000000000000
1323467398,950.000000000000,21.060000000000
1323467398,975.000000000000,17.780000000000
1323467399,976.000000000000,1.900000000000
1323467399,980.000000000000,5.000000000000
1323467399,990.000000000000,5.000000000000
1323467399,995.000000000000,5.000000000000
1323467400,1000.000000000000,23.000000000000
1323467433,1030.000000000000,9.000000000000
1323467433,1040.000000000000,9.000000000000
1323467434,1050.000000000000,9.000000000000
1323467434,1060.000000000000,10.000000000000
1323467434,1100.000000000000,70.000000000000
1323467454,1150.000000000000,13.150000000000
1323467454,1160.000000000000,20.000000000000
1323467615,1450.000000000000,27.600000000000
1323474512,1000.000000000000,100.000000000000
1323476107,975.000000000000,22.010000000000
1323524808,930.000000000000,0.020000000000
1323525320,925.000000000000,0.020000000000
1323534416,925.000000000000,4.980000000000
1323534417,920.000000000000,5.000000000000
1323534417,915.000000000000,5.000000000000
1323534417,910.000000000000,5.000000000000
1323534418,905.000000000000,5.000000000000
1323534418,902.000000000000,2.000000000000
1323534418,901.000000000000,5.000000000000
1323534418,900.000000000000,1.950000000000
1323534418,900.000000000000,5.000000000000
1323534419,895.000000000000,4.000000000000
1323534419,890.000000000000,3.000000000000
1323534419,890.000000000000,4.070000000000
1323534473,890.000000000000,15.930000000000
1323534473,870.000000000000,5.000000000000
1323534473,860.000000000000,5.000000000000
1323536943,900.000000000000,24.080000000000
1323546049,900.000000000000,305.920000000000
1323546049,900.000000000000,3.300000000000
1323831395,940.000000000000,1.000000000000
1323941137,934.000000000000,0.720000000000
1323941178,935.000000000000,30.000000000000
1323945575,920.000000000000,10.000000000000
1323947424,920.000000000000,10.000000000000
1323948714,920.000000000000,84.000000000000
1323951114,920.000000000000,45.000000000000
1323957062,920.000000000000,38.900000000000
1323962637,920.000000000000,11.000000000000
1323966554,950.000000000000,3.150000000000
1323977622,920.000000000000,34.000000000000
1323982832,920.000000000000,10.000000000000
1323984585,950.000000000000,3.850000000000
1323984586,962.000000000000,2.450000000000
1323984649,962.000000000000,0.050000000000
1323987957,920.000000000000,66.000000000000
1323988395,890.000000000000,1.700000000000
1323988395,880.000000000000,3.610000000000
1323988997,955.000000000000,59.000000000000
1323989025,961.000000000000,24.000000000000
1323989025,962.000000000000,13.500000000000
1323989048,965.000000000000,10.000000000000
1323989048,971.000000000000,24.000000000000
1323989064,985.000000000000,5.000000000000
1323989064,986.000000000000,18.000000000000
1323989075,1000.000000000000,73.000000000000
1323989091,1029.000000000000,18.000000000000
1323989091,1030.000000000000,40.000000000000
1323989112,1049.000000000000,39.000000000000
1323998267,880.000000000000,1.000000000000
1324043932,920.000000000000,16.300000000000
1324044868,920.000000000000,16.000000000000
1324045045,920.000000000000,16.980000000000
1324046695,920.000000000000,74.980000000000
1324047929,920.000000000000,20.000000000000
1324049022,920.000000000000,44.040000000000
1324052574,890.000000000000,6.000000000000
1324052610,890.000000000000,0.390000000000
1324065190,939.990000000000,107.940000000000
1324065212,940.000000000000,10.000000000000
1324065213,940.000000000000,166.060000000000
1324065241,940.000000000000,5.000000000000
1324070546,940.000000000000,5.000000000000
1324070547,945.000000000000,10.000000000000
1324070547,950.000000000000,5.000000000000
1324070547,950.000000000000,10.000000000000
1324070595,960.000000000000,52.000000000000
1324070608,965.000000000000,60.000000000000
1324070608,970.000000000000,38.000000000000
1324070620,987.000000000000,40.000000000000
1324070649,990.000000000000,11.000000000000
1324074379,990.000000000000,7.100000000000
1324076196,990.000000000000,20.000000000000
1324081327,890.000000000000,3.610000000000
1324081362,880.000000000000,0.390000000000
1324081405,875.000000000000,50.000000000000
1324081406,875.000000000000,29.000000000000
1324081444,870.000000000000,5.000000000000
1324092430,929.000000000000,12.000000000000
1324092430,930.000000000000,20.000000000000
1324092431,940.000000000000,30.000000000000
1324092453,960.000000000000,25.000000000000
1324092453,960.000000000000,4.500000000000
1324092453,970.000000000000,4.500000000000
1324092454,980.000000000000,9.000000000000
1324092473,990.000000000000,11.900000000000
1324092500,1015.000000000000,11.000000000000
1324092500,1025.000000000000,87.000000000000
1324092513,1049.000000000000,11.000000000000
1324092523,1099.000000000000,25.000000000000
1324092558,1150.000000000000,40.000000000000
1324092575,1150.000000000000,0.100000000000
1324124028,920.000000000000,77.500000000000
1324131825,930.000000000000,60.000000000000
1324131827,935.000000000000,50.000000000000
1324131827,935.000000000000,46.000000000000
1324131874,940.000000000000,16.000000000000
1324131874,945.000000000000,15.470000000000
1324131874,947.000000000000,38.000000000000
1324131918,950.000000000000,20.000000000000
1324131919,950.000000000000,70.530000000000
1324147309,939.000000000000,3.780000000000
1324151488,939.000000000000,83.220000000000
1324151489,940.000000000000,12.000000000000
1324151500,942.000000000000,100.000000000000
1324151518,943.900000000000,76.000000000000
1324151519,945.000000000000,50.000000000000
1324151530,950.000000000000,109.450000000000
1324151545,960.000000000000,25.000000000000
1324151582,970.000000000000,31.000000000000
1324151584,970.000000000000,35.330000000000
1324214838,945.000000000000,0.350000000000
1324217216,945.000000000000,49.650000000000
1324217233,949.000000000000,10.000000000000
1324217233,950.000000000000,58.000000000000
1324217257,959.000000000000,10.000000000000
1324217258,959.990000000000,60.000000000000
1324217272,960.000000000000,20.000000000000
1324217290,967.000000000000,1.350000000000
1324224582,967.000000000000,17.750000000000
1324227909,967.000000000000,0.010000000000
1324228675,967.000000000000,0.070000000000
1324236851,966.000000000000,0.140000000000
1324237042,930.000000000000,106.400000000000
1324242427,966.000000000000,0.320000000000
1324253670,966.000000000000,0.360000000000
1324253671,967.000000000000,80.820000000000
1324253696,970.000000000000,26.670000000000
1324253724,975.000000000000,80.000000000000
1324253735,988.000000000000,50.000000000000
1324253747,999.000000000000,100.000000000000
1324253766,1000.000000000000,10.000000000000
1324253766,1000.000000000000,5.150000000000
1324270950,945.000000000000,7.730000000000
1324281353,945.000000000000,32.270000000000
1324281407,948.000000000000,17.000000000000
1324281458,949.000000000000,6.000000000000
1324310875,969.000000000000,6.000000000000
1324321147,969.000000000000,4.000000000000
1324321147,970.000000000000,18.000000000000
1324323162,989.000000000000,10.000000000000
1324323162,990.000000000000,71.000000000000
1324323164,1000.000000000000,3.000000000000
1324324134,1000.000000000000,16.850000000000
1324324273,1020.000000000000,10.000000000000
1324324274,1040.000000000000,10.000000000000
1324324389,1049.000000000000,11.500000000000
1324370487,1035.000000000000,10.000000000000
1324370679,1036.500000000000,9.950000000000
1324370704,1037.000000000000,10.000000000000
1324382672,1069.000000000000,20.000000000000
1324382672,1070.000000000000,26.000000000000
1324389174,1069.000000000000,5.000000000000
1324389175,1070.000000000000,54.980000000000
1324420982,1141.990000000000,27.000000000000
1324421000,1142.000000000000,10.000000000000
1324421014,1144.000000000000,10.000000000000
1324421027,1147.000000000000,100.000000000000
1324421037,1150.000000000000,22.000000000000
1324421067,1299.000000000000,41.000000000000
1324421358,1299.000000000000,13.000000000000
1324421690,1299.000000000000,0.500000000000
1324426861,1250.000000000000,50.000000000000
1324426886,1289.000000000000,30.580000000000
1324426886,1299.000000000000,34.500000000000
1324458712,1200.000000000000,3.550000000000
1324458713,1255.000000000000,2.000000000000
1324458713,1297.830000000000,25.000000000000
1324458713,1297.840000000000,4.420000000000
1324458713,1297.850000000000,5.000000000000
1324458713,1297.860000000000,6.000000000000
1324458713,1297.870000000000,4.000000000000
1324458714,1297.880000000000,2.000000000000
1324458714,1297.890000000000,3.000000000000
1324458714,1299.000000000000,30.000000000000
1324458766,1320.000000000000,26.000000000000
1324458811,1350.000000000000,5.000000000000
1324500692,1219.000000000000,1.000000000000
1324501150,1219.000000000000,9.000000000000
1324501151,1220.000000000000,98.000000000000
1324501151,1270.000000000000,88.480000000000
1324501169,1280.000000000000,64.000000000000
1324501170,1299.000000000000,100.000000000000
1324501185,1300.000000000000,7.870000000000
1324501185,1350.000000000000,15.000000000000
1324501453,1250.000000000000,27.600000000000
1324503262,1230.000000000000,50.000000000000
1324503283,1249.000000000000,50.000000000000
1324516000,1248.000000000000,10.000000000000
1324516001,1249.000000000000,50.000000000000
1324516001,1250.000000000000,22.400000000000
1324516015,1280.000000000000,100.000000000000
1324516048,1299.000000000000,51.000000000000
1324553155,1235.000000000000,16.000000000000
1324558546,1250.000000000000,27.000000000000
1324563495,1250.000000000000,2.000000000000
1324568520,1100.000000000000,50.000000000000
1324568522,1090.000000000000,5.000000000000
1324568522,1050.000000000000,45.000000000000
1324572052,1230.000000000000,50.000000000000
1324572110,1239.000000000000,9.000000000000
1324572211,1239.000000000000,1.000000000000
1324572211,1240.000000000000,4.500000000000
1324572211,1249.000000000000,94.000000000000
1324572244,1250.000000000000,29.100000000000
1324578638,1090.000000000000,50.000000000000
1324578986,1242.000000000000,1.000000000000
1324582445,1242.000000000000,49.000000000000
1324582446,1243.000000000000,10.000000000000
1324582467,1244.000000000000,0.520000000000
1324582467,1245.000000000000,99.480000000000
1324614391,1243.000000000000,10.000000000000
1324614392,1243.000000000000,3.540000000000
1324642587,1235.000000000000,20.000000000000
1324665660,1229.000000000000,20.000000000000
1324665661,1230.000000000000,50.000000000000
1324665662,1235.000000000000,4.000000000000
1324665662,1239.000000000000,50.000000000000
1324665662,1240.000000000000,24.000000000000
1324665662,1240.000000000000,139.980000000000
1324665691,1244.000000000000,34.000000000000
1324665692,1244.000000000000,19.000000000000
1324665692,1245.000000000000,0.520000000000
1324665692,1245.000000000000,97.500000000000
1324666673,1244.000000000000,5.750000000000
1324669935,1200.000000000000,10.000000000000
1324685002,1244.000000000000,14.710000000000
1324685003,1244.000000000000,5.290000000000
1324694871,1244.000000000000,4.710000000000
1324694872,1245.000000000000,2.500000000000
1324694889,1254.000000000000,95.000000000000
1324694921,1260.000000000000,36.790000000000
1324703259,1260.000000000000,5.000000000000
1324703354,1260.000000000000,0.650000000000
1324704457,1200.000000000000,4.000000000000
1324704778,1260.000000000000,5.000000000000
1324728639,1260.000000000000,2.560000000000
1324728640,1260.000000000000,36.580000000000
1324740053,1260.000000000000,163.420000000000
1324740091,1274.000000000000,16.000000000000
1324740091,1275.000000000000,125.000000000000
1324740145,1280.000000000000,100.000000000000
1324740188,1298.990000000000,0.200000000000
1324740188,1299.000000000000,49.000000000000
1324740188,1299.000000000000,28.800000000000
1324740270,1299.000000000000,0.200000000000
1324740271,1300.000000000000,21.380000000000
1324744759,1200.000000000000,6.000000000000
1324777776,1190.000000000000,0.010000000000
1324826889,1199.000000000000,26.000000000000
1324826891,1199.970000000000,0.010000000000
1324826891,1199.980000000000,0.010000000000
1324826892,1199.990000000000,0.010000000000
1324826893,1200.000000000000,43.970000000000
1324826905,1200.000000000000,0.030000000000
1324826906,1218.670000000000,0.010000000000
1324826906,1240.860000000000,0.010000000000
1324826906,1250.000000000000,49.950000000000
1324826953,1250.000000000000,0.050000000000
1324826954,1263.440000000000,0.200000000000
1324826954,1270.000000000000,98.750000000000
1324837103,1270.000000000000,1.250000000000
1324837103,1280.000000000000,100.000000000000
1324837104,1282.970000000000,0.010000000000
1324837104,1290.000000000000,51.740000000000
1324837200,1290.000000000000,1.000000000000
1324842635,1290.000000000000,9.250000000000
1324843076,1290.000000000000,3.000000000000
1324845097,1290.000000000000,12.750000000000
1324845373,1289.990000000000,0.120000000000
1324845374,1290.000000000000,0.380000000000
1324847174,1290.000000000000,21.880000000000
1324847175,1290.480000000000,0.010000000000
1324847175,1294.710000000000,0.010000000000
1324847175,1300.000000000000,76.600000000000
1324848887,1300.000000000000,0.020000000000
1324848888,1302.980000000000,0.010000000000
1324868625,1400.000000000000,12.220000000000
1324869070,1202.000000000000,12.000000000000
1324901549,1350.000000000000,50.000000000000
1324901550,1350.000000000000,0.180000000000
1324901562,1400.000000000000,50.000000000000
1324901575,1450.000000000000,5.740000000000
1324901589,1600.000000000000,70.000000000000
1324921658,1300.000000000000,100.000000000000
1324926627,1350.000000000000,33.000000000000
1324926716,1350.000000000000,3.250000000000
1324930589,1300.000000000000,163.000000000000
1324932070,1350.000000000000,0.560000000000
1324932088,1350.000000000000,0.020000000000
1324938173,1350.000000000000,66.110000000000
1324938208,1500.000000000000,87.000000000000
1324966110,1350.000000000000,18.000000000000
1324968139,1350.000000000000,16.000000000000
1324980054,1400.000000000000,20.000000000000
1324980206,1400.000000000000,3.800000000000
1324982545,1350.000000000000,50.800000000000
1324984606,1350.000000000000,66.000000000000
1324986214,1390.000000000000,50.000000000000
1324986214,1400.000000000000,76.200000000000
1324986237,1450.000000000000,80.890000000000
1324986501,1450.000000000000,19.000000000000
1324986531,1450.000000000000,0.110000000000
1324986531,1500.000000000000,80.890000000000
1324991761,1350.000000000000,3.000000000000
1324999807,1340.000000000000,5.000000000000
1324999809,1350.000000000000,31.000000000000
1324999809,1400.000000000000,100.000000000000
1324999809,1450.000000000000,150.000000000000
1324999870,1500.000000000000,19.110000000000
1324999870,1500.000000000000,99.890000000000
1324999903,1500.000000000000,0.110000000000
1324999903,1520.000000000000,31.890000000000
1324999954,1520.000000000000,0.110000000000
1324999954,1600.000000000000,52.890000000000
1325021852,1498.990000000000,4.850000000000
1325075115,1350.000000000000,13.000000000000
1325110789,1399.000000000000,13.190000000000
1325113173,1399.000000000000,1.810000000000
1325113174,1400.000000000000,10.000000000000
1325118544,1449.980000000000,13.990000000000
1325118544,1449.990000000000,8.000000000000
1325118544,1450.000000000000,56.010000000000
1325118576,1450.000000000000,13.990000000000
1325118576,1465.000000000000,5.000000000000
1325118576,1469.000000000000,23.010000000000
1325171982,1399.000000000000,35.000000000000
1325172154,1399.000000000000,0.750000000000
1325195519,1399.000000000000,14.000000000000
1325195556,1399.000000000000,0.250000000000
1325195556,1430.000000000000,49.750000000000
1325195591,1430.000000000000,0.250000000000
1325195592,1448.000000000000,1.000000000000
1325195592,1448.990000000000,30.450000000000
1325195592,1449.000000000000,24.800000000000
1325254055,1305.000000000000,11.000000000000
1325254056,1301.000000000000,0.700000000000
1325254056,1300.000000000000,1.300000000000
1325266336,1300.000000000000,25.000000000000
1325268306,1300.000000000000,70.000000000000
1325268698,1300.000000000000,3.700000000000
1325270544,1280.000000000000,8.710000000000
1325273106,1280.000000000000,18.000000000000
1325276273,1300.000000000000,43.000000000000
1325276529,1300.000000000000,43.000000000000
1325280657,1191.000000000000,0.200000000000
1325280657,1191.000000000000,0.130000000000
1325280657,1170.000000000000,9.670000000000
1325287542,1170.000000000000,1.330000000000
1325287742,1170.000000000000,1.000000000000
1325309911,1300.000000000000,0.500000000000
1325335687,1300.000000000000,49.500000000000
1325335962,1348.990000000000,111.770000000000
1325336025,1349.000000000000,50.000000000000
1325336025,1350.000000000000,2.000000000000
1325336864,1388.000000000000,10.000000000000
1325336865,1388.000000000000,35.350000000000
1325336865,1395.000000000000,10.000000000000
1325336865,1399.000000000000,144.650000000000
1325342898,1399.000000000000,2.850000000000
1325343332,1494.000000000000,0.200000000000
1325343332,1494.000000000000,0.330000000000
1325343332,1495.000000000000,7.060000000000
1325377159,1449.000000000000,1.300000000000
1325377160,1450.000000000000,23.700000000000
1325377503,1450.000000000000,34.000000000000
1325377587,1450.000000000000,34.000000000000
1325377911,1450.000000000000,33.000000000000
1325379656,1450.000000000000,14.300000000000
1325379675,1500.000000000000,6.900000000000
1325379693,1599.990000000000,22.250000000000
1325379708,1600.000000000000,4.000000000000
1325407445,1500.000000000000,4.000000000000
1325407446,1650.000000000000,20.000000000000
1325407771,1600.000000000000,152.000000000000
1325407989,1600.000000000000,0.500000000000
1325408042,1550.000000000000,0.250000000000
1325433383,1500.000000000000,2.000000000000
1325446394,1500.000000000000,5.000000000000
1325454722,1500.000000000000,193.000000000000
1325454785,1590.000000000000,6.000000000000
1325461743,1590.000000000000,0.620000000000
1325467262,1590.000000000000,4.500000000000
1325513092,1590.000000000000,31.000000000000
1325519697,1590.000000000000,8.000000000000
1325537636,1410.000000000000,0.660000000000
1325580258,1410.000000000000,1.000000000000
1325598556,1525.000000000000,33.000000000000
1325601077,1525.000000000000,11.200000000000
1325604073,1410.000000000000,7.300000000000
1325631128,1524.990000000000,2.000000000000
1325659134,1524.990000000000,32.490000000000
1325665445,1520.000000000000,1.000000000000
1325665446,1520.000000000000,2.000000000000
1325690525,1524.990000000000,23.550000000000
1325708745,1410.000000000000,1.020000000000
1325710526,1522.000000000000,1.000000000000
1325711209,1522.000000000000,9.000000000000
1325711379,1524.000000000000,1.000000000000
1325711398,1524.000000000000,2.000000000000
1325711667,1524.000000000000,7.000000000000
1325711688,1524.990000000000,4.120000000000
1325711715,1525.000000000000,19.610000000000
1325711765,1550.000000000000,1.720000000000
1325734172,1550.000000000000,7.310000000000
1325734407,1599.000000000000,29.000000000000
1325735997,1599.000000000000,21.000000000000
1325749931,1644.000000000000,5.000000000000
1325778163,1644.000000000000,20.000000000000
1325778190,1645.000000000000,10.100000000000
1325781314,1645.000000000000,1.000000000000
1325781524,1645.000000000000,1.500000000000
1325781651,1645.000000000000,1.600000000000
1325781870,1645.000000000000,2.800000000000
1325782056,1645.000000000000,3.150000000000
1325782189,1645.000000000000,3.500000000000
1325782305,1645.000000000000,3.800000000000
1325782523,1645.000000000000,2.650000000000
1325786825,1644.000000000000,0.080000000000
1325802680,1645.000000000000,58.900000000000
1325802709,1699.000000000000,1.000000000000
1325802904,1700.000000000000,0.020000000000
1325803269,1700.000000000000,0.080000000000
1325803281,1700.000000000000,16.310000000000
1325827630,1850.000000000000,10.000000000000
1325829932,2000.000000000000,1.000000000000
1325845990,2000.000000000000,2.000000000000
1325867490,1900.000000000000,9.000000000000
1325871265,1997.990000000000,0.300000000000
1325884886,1994.000000000000,10.000000000000
1325884923,1995.000000000000,1.000000000000
1325884982,1996.990000000000,0.820000000000
1325884983,1998.000000000000,9.180000000000
1325885008,1998.000000000000,0.820000000000
1325885009,1999.000000000000,9.000000000000
1325885042,2075.000000000000,9.000000000000
1325885629,2000.000000000000,18.000000000000
1325885702,2100.000000000000,15.180000000000
1325922601,2000.000000000000,40.000000000000
1325941391,1999.940000000000,0.180000000000
1325941392,1999.950000000000,1.820000000000
1325964344,1950.000000000000,2.400000000000
1325965820,1950.000000000000,1.270000000000
1325970605,1949.000000000000,2.540000000000
1325972419,1949.000000000000,1.270000000000
1325975965,1948.990000000000,3.500000000000
1325976040,1948.990000000000,0.180000000000
1325976351,1948.990000000000,1.270000000000
1325979628,1948.990000000000,30.030000000000
1325979716,1949.000000000000,6.190000000000
1325979717,1949.000000000000,4.810000000000
1325979855,1949.000000000000,5.190000000000
1325979891,1950.000000000000,17.480000000000
1325981042,1950.000000000000,13.850000000000
1325981065,1999.990000000000,2.200000000000
1325981134,2000.000000000000,46.150000000000
1325995776,1999.990000000000,1.220000000000
1326014360,1999.990000000000,3.700000000000
1326016232,1999.990000000000,0.080000000000
1326016233,2000.000000000000,1.160000000000
1326026187,1950.000000000000,23.500000000000
1326030135,1950.000000000000,3.680000000000
1326051076,1950.000000000000,2.540000000000
1326056623,1949.000000000000,1.110000000000
1326057181,1949.000000000000,7.250000000000
1326074512,1948.950000000000,2.000000000000
1326074513,1949.000000000000,1.570000000000
1326078013,1949.000000000000,0.070000000000
1326078014,1950.000000000000,5.210000000000
1326078029,1950.000000000000,0.070000000000
1326078103,1999.990000000000,15.000000000000
1326078104,1999.990000000000,2.350000000000
1326083311,1999.990000000000,1.110000000000
1326084673,1999.990000000000,1.480000000000
1326098953,1900.000000000000,1.000000000000
1326099259,1900.000000000000,0.230000000000
1326110453,1801.000000000000,2.000000000000
1326110686,1900.000000000000,9.230000000000
1326110902,1801.000000000000,1.000000000000
1326116046,1800.000000000000,10.000000000000
1326146222,1800.000000000000,1.000000000000
1326163892,1891.990000000000,9.000000000000
1326186403,1889.000000000000,3.180000000000
1326191719,1889.000000000000,3.150000000000
1326199699,1865.000000000000,2.130000000000
1326204411,1864.990000000000,3.520000000000
1326208549,1864.990000000000,1.330000000000
1326209014,1864.990000000000,0.580000000000
1326219737,1860.000000000000,2.200000000000
1326220739,1860.000000000000,0.800000000000
1326220817,1861.000000000000,1.440000000000
1326222361,1860.990000000000,2.130000000000
1326225624,1859.000000000000,9.270000000000
1326233024,1857.000000000000,10.000000000000
1326233209,1857.990000000000,11.710000000000
1326233337,1858.000000000000,4.290000000000
1326233363,1858.000000000000,0.500000000000
1326235014,1858.000000000000,5.210000000000
1326235062,1865.000000000000,21.440000000000
1326252833,1864.000000000000,3.470000000000
1326306654,1808.000000000000,7.750000000000
1326306975,1808.000000000000,0.330000000000
1326314386,1809.000000000000,4.040000000000
1326325161,1809.000000000000,3.500000000000
1326337603,1809.000000000000,2.440000000000
1326339161,1809.000000000000,2.060000000000
1326366200,1810.000000000000,4.000000000000
1326378416,1750.000000000000,1.000000000000
1326378474,1750.000000000000,1.000000000000
1326378594,1750.000000000000,2.000000000000
1326391768,1798.000000000000,1.920000000000
1326435539,1798.000000000000,10.000000000000
1326436189,1799.000000000000,3.390000000000
1326437689,1798.000000000000,1.170000000000
1326472225,1796.000000000000,2.940000000000
1326473037,1796.000000000000,1.650000000000
1326475358,1796.000000000000,4.050000000000
1326475687,1796.000000000000,1.360000000000
1326475687,1797.000000000000,0.590000000000
1326475687,1798.000000000000,2.150000000000
1326481048,1797.000000000000,4.080000000000
1326482256,1797.000000000000,2.440000000000
1326542903,1793.000000000000,3.000000000000
1326553007,1793.000000000000,1.000000000000
1326558455,1793.000000000000,2.000000000000
1326601525,1623.000000000000,5.000000000000
1326633849,1791.000000000000,8.660000000000
1326633850,1791.000000000000,5.000000000000
1326633850,1792.000000000000,0.160000000000
1326641882,1792.000000000000,2.760000000000
1326662298,1792.000000000000,7.080000000000
1326662299,1799.000000000000,7.610000000000
1326662299,1810.000000000000,13.810000000000
1326663597,1810.000000000000,10.000000000000
1326697504,1810.000000000000,17.600000000000
1326760825,1859.000000000000,4.000000000000
1326814671,1849.000000000000,1.600000000000
1326814763,1850.000000000000,1.100000000000
1326822790,1701.000000000000,1.000000000000
1326827445,1701.000000000000,0.100000000000
1326827446,1700.000000000000,0.200000000000
1326834745,1846.000000000000,5.000000000000
1326839204,1700.000000000000,5.000000000000
1326844091,1700.000000000000,19.800000000000
1326844295,1650.000000000000,50.000000000000
1326845778,1640.000000000000,10.000000000000
1326862606,1740.000000000000,3.940000000000
1326865846,1740.000000000000,10.970000000000
1326888856,1740.000000000000,2.850000000000
1326971927,1739.000000000000,1.110000000000
1327050400,1670.000000000000,2.000000000000
1327081601,1670.000000000000,1.000000000000
1327081647,1737.000000000000,1.890000000000
1327095523,1680.000000000000,0.080000000000
1327168209,1680.000000000000,2.900000000000
1327193437,1680.000000000000,0.020000000000
1327193437,1738.000000000000,1.360000000000
1327228644,1680.000000000000,1.480000000000
1327247732,1680.000000000000,3.520000000000
1327247733,1690.000000000000,9.000000000000
1327247777,1700.000000000000,4.480000000000
1327249878,1700.000000000000,2.000000000000
1327249937,1700.000000000000,1.000000000000
1327249997,1700.000000000000,2.000000000000
1327254685,1700.000000000000,3.000000000000
1327256178,1700.000000000000,2.000000000000
1327256237,1700.000000000000,11.000000000000
1327256286,1710.000000000000,2.880000000000
1327256356,1700.000000000000,17.970000000000
1327257738,1700.000000000000,12.000000000000
1327260621,1700.000000000000,3.000000000000
1327260678,1700.000000000000,8.030000000000
1327262708,1738.000000000000,2.890000000000
1327314456,1738.000000000000,1.420000000000
1327328782,1680.000000000000,71.000000000000
1327341619,1680.000000000000,3.000000000000
1327342519,1680.000000000000,46.000000000000
1327342578,1680.000000000000,3.000000000000
1327343674,1737.000000000000,2.850000000000
1327349154,1736.000000000000,2.850000000000
1327395680,1700.000000000000,0.770000000000
1327402427,1680.000000000000,13.000000000000
1327422126,1680.000000000000,31.000000000000
1327441729,1714.000000000000,2.890000000000
1327442631,1714.000000000000,1.000000000000
1327451420,1680.000000000000,33.000000000000
1327472943,1713.000000000000,2.900000000000
1327491583,1713.000000000000,2.300000000000
1327491629,1713.000000000000,1.910000000000
1327503260,1680.000000000000,4.000000000000
1327503380,1680.000000000000,12.000000000000
1327503740,1680.000000000000,12.000000000000
1327504099,1680.000000000000,11.000000000000
1327504520,1680.000000000000,11.000000000000
1327505120,1680.000000000000,11.000000000000
1327505420,1680.000000000000,4.000000000000
1327506440,1680.000000000000,11.000000000000
1327507340,1680.000000000000,7.000000000000
1327507580,1680.000000000000,17.000000000000
1327508121,1680.000000000000,3.000000000000
1327511202,1680.000000000000,72.000000000000
1327511955,1680.000000000000,3.550000000000
1327572638,1550.000000000000,42.240000000000
1327588635,1550.000000000000,2.000000000000
1327590052,1526.000000000000,0.320000000000
1327590053,1502.000000000000,2.000000000000
1327590054,1500.000000000000,0.480000000000
1327596128,1500.000000000000,1.000000000000
1327596498,1500.000000000000,13.520000000000
1327596498,1500.000000000000,1.500000000000
1327598375,1650.000000000000,5.500000000000
1327602498,1600.000000000000,1.000000000000
1327650185,1550.000000000000,0.400000000000
1327680082,1500.000000000000,2.000000000000
1327680141,1500.000000000000,1.000000000000
1327681809,1500.000000000000,11.000000000000
1327682480,1500.000000000000,69.500000000000
1327683537,1500.000000000000,76.000000000000
1327686177,1548.000000000000,10.000000000000
1327686177,1549.000000000000,30.000000000000
1327686177,1550.000000000000,5.500000000000
1327785086,1500.000000000000,1.000000000000
1327785612,1549.000000000000,0.940000000000
1327828300,1549.000000000000,1.910000000000
1327862360,1549.000000000000,1.000000000000
1327873982,1549.000000000000,1.910000000000
1327889365,1500.000000000000,1.000000000000
1327920489,1500.000000000000,1.400000000000
1327930520,1300.000000000000,0.780000000000
1327938373,1500.000000000000,0.500000000000
1327938823,1549.000000000000,1.440000000000
1327947408,1549.000000000000,2.000000000000
1327991660,1549.000000000000,0.530000000000
1328003046,1500.000000000000,9.000000000000
1328003116,1500.000000000000,12.000000000000
1328003166,1500.000000000000,10.000000000000
1328003225,1500.000000000000,3.000000000000
1328003286,1500.000000000000,2.000000000000
1328003347,1500.000000000000,1.000000000000
1328003408,1500.000000000000,12.000000000000
1328003466,1500.000000000000,3.000000000000
1328003526,1500.000000000000,4.000000000000
1328020267,1480.000000000000,1.000000000000
1328020325,1480.000000000000,1.000000000000
1328020385,1480.000000000000,6.000000000000
1328020447,1480.000000000000,8.000000000000
1328020508,1480.000000000000,7.000000000000
1328020565,1480.000000000000,8.000000000000
1328020626,1480.000000000000,10.000000000000
1328020686,1480.000000000000,3.000000000000
1328024384,1504.000000000000,0.750000000000
1328024518,1500.000000000000,1.000000000000
1328024677,1500.000000000000,5.000000000000
1328024725,1500.000000000000,10.000000000000
1328024761,1500.000000000000,2.000000000000
1328024802,1500.000000000000,9.000000000000
1328024943,1500.000000000000,22.000000000000
1328025053,1500.000000000000,139.840000000000
1328025072,1500.000000000000,5.000000000000
1328025132,1500.000000000000,12.000000000000
1328025175,1500.000000000000,2.000000000000
1328025220,1500.000000000000,1.000000000000
1328025258,1500.000000000000,2.000000000000
1328025340,1500.000000000000,1.000000000000
1328025459,1500.000000000000,8.000000000000
1328031553,1550.000000000000,2.000000000000
1328032759,1550.000000000000,1.910000000000
1328037366,1500.000000000000,0.160000000000
1328046316,1549.000000000000,1.000000000000
1328046961,1549.000000000000,1.000000000000
1328071100,1549.000000000000,0.130000000000
1328101569,1500.000000000000,1.000000000000
1328105362,1549.000000000000,0.080000000000
1328115917,1548.000000000000,1.280000000000
1328116606,1546.000000000000,0.610000000000
1328116987,1500.000000000000,1.000000000000
1328145185,1519.000000000000,9.000000000000
1328147697,1550.000000000000,7.630000000000
1328153201,1599.000000000000,1.000000000000
1328182193,1598.000000000000,1.000000000000
1328194807,1595.000000000000,0.840000000000
1328194808,1598.000000000000,2.110000000000
1328194808,1600.000000000000,6.000000000000
1328199155,1620.000000000000,43.700000000000
1328228083,1699.000000000000,10.000000000000
1328228083,1700.000000000000,1.800000000000
1328302568,1650.000000000000,43.000000000000
1328345944,1560.000000000000,2.000000000000
1328355051,1540.000000000000,0.010000000000
1328355103,1540.000000000000,0.020000000000
1328396078,1540.000000000000,0.970000000000
1328633224,1549.000000000000,10.000000000000
1328633225,1550.000000000000,3.800000000000
1328636752,1600.000000000000,146.000000000000
1328721846,1600.000000000000,3.000000000000
1328721906,1600.000000000000,20.000000000000
1328721965,1600.000000000000,1.000000000000
1328722025,1600.000000000000,4.000000000000
1328722385,1600.000000000000,6.000000000000
1328722445,1600.000000000000,11.000000000000
1328723225,1600.000000000000,4.000000000000
1328723285,1600.000000000000,8.000000000000
1328724902,1600.000000000000,72.000000000000
1328725465,1600.000000000000,1.000000000000
1328725465,1500.000000000000,79.000000000000
1328725731,1500.000000000000,1.000000000000
1328785363,1598.990000000000,30.000000000000
1328785364,1599.000000000000,4.000000000000
1328795879,1599.000000000000,6.000000000000
1328795880,1610.000000000000,14.000000000000
1328821635,1600.000000000000,99.500000000000
1328886737,1600.000000000000,60.000000000000
1328889193,1600.000000000000,6.000000000000
1328900015,1619.000000000000,1.000000000000
1328901779,1600.000000000000,63.000000000000
1328902047,1600.000000000000,22.000000000000
1328903215,1600.000000000000,40.000000000000
1328974033,1599.000000000000,10.000000000000
1328974034,1600.000000000000,2.000000000000
1328976117,1600.000000000000,44.000000000000
1328987207,1600.000000000000,21.000000000000
1328988010,1600.000000000000,47.000000000000
1329005177,1600.000000000000,1.000000000000
1329005268,1600.000000000000,28.000000000000
1329014581,1619.000000000000,0.120000000000
1329050929,1600.000000000000,23.060000000000
1329060069,1600.000000000000,40.000000000000
1329060972,1600.000000000000,302.000000000000
1329102611,1520.000000000000,30.000000000000
1329103554,1510.000000000000,20.000000000000
1329103644,1500.000000000000,40.240000000000
1329127802,1610.000000000000,1.000000000000
1329147799,1450.000000000000,4.000000000000
1329147846,1401.010000000000,0.890000000000
1329147872,1401.000000000000,1.000000000000
1329148036,1360.000000000000,24.110000000000
1329164874,1550.000000000000,3.800000000000
1329166687,1590.000000000000,80.000000000000
1329166687,1600.000000000000,79.600000000000
1329190109,1454.000000000000,0.520000000000
1329190143,1400.000000000000,15.000000000000
1329190683,1400.000000000000,10.290000000000
1329226923,1590.000000000000,1.000000000000
1329226961,1420.000000000000,4.000000000000
1329226962,1360.000000000000,46.000000000000
1329227197,1360.000000000000,29.890000000000
1329227227,1350.000000000000,10.000000000000
1329227250,1325.000000000000,12.000000000000
1329227268,1300.000000000000,1.220000000000
1329260481,1300.000000000000,66.700000000000
1329280168,1390.000000000000,8.000000000000
1329313068,1390.000000000000,38.870000000000
1329313069,1400.000000000000,1.900000000000
1329315232,1450.000000000000,5.000000000000
1329324420,1400.000000000000,49.230000000000
1329344306,1400.000000000000,32.000000000000
1329359892,1170.000000000000,2.000000000000
1330042532,1447.000000000000,0.990000000000
1330155974,1400.000000000000,0.100000000000
1330265795,1400.000000000000,19.900000000000
1330270493,1447.000000000000,28.000000000000
1330465981,1380.000000000000,153.000000000000
1330587982,1400.000000000000,121.000000000000
1330641631,1444.000000000000,0.260000000000
1331269152,1405.000000000000,0.020000000000
1331432170,1375.000000000000,1.000000000000
1331432234,1350.000000000000,2.060000000000
1331625135,1360.000000000000,1.000000000000
1331625151,1350.000000000000,0.960000000000
1331786204,1444.000000000000,0.420000000000
1332347028,1410.000000000000,2.000000000000
1332350473,1405.000000000000,2.000000000000
1332431276,1444.000000000000,1.990000000000
1332610309,1444.000000000000,2.000000000000
1332846171,1444.000000000000,0.750000000000
1332852692,1400.000000000000,2.000000000000
1332852707,1395.000000000000,2.000000000000
1332852737,1385.000000000000,2.000000000000
1332852760,1350.000000000000,1.980000000000
1332852761,1350.000000000000,0.540000000000
1333021633,1400.000000000000,1.000000000000
1333104032,1360.000000000000,0.020000000000
1333104052,1350.000000000000,0.460000000000
1333135352,1400.000000000000,0.760000000000
1333358110,1444.000000000000,0.330000000000
1333548922,1444.000000000000,0.220000000000
1333562180,1456.000000000000,2.000000000000
1333562181,1455.000000000000,2.000000000000
1333562182,1450.000000000000,2.000000000000
1333850616,1450.000000000000,0.800000000000
1333853991,1450.000000000000,0.870000000000
1333898978,1340.000000000000,3.000000000000
1333899014,1340.000000000000,4.430000000000
1333909150,1340.000000000000,0.440000000000
1333962273,1360.000000000000,1.000000000000
1333962293,1340.000000000000,6.130000000000
1333971174,1301.000000000000,9.010000000000
1333995098,1250.000000000000,0.250000000000
1334067600,1300.000000000000,2.000000000000
1334067795,1300.000000000000,3.000000000000
1334088828,1250.000000000000,7.750000000000
1334154654,1200.000000000000,10.100000000000
1334154697,1171.000000000000,2.000000000000
1334154697,1170.000000000000,5.890000000000
1334245559,1250.000000000000,25.000000000000
1334257377,1170.000000000000,0.500000000000
1334317356,1250.000000000000,1.750000000000
1334352490,1250.000000000000,2.000000000000
1334381521,1250.000000000000,13.500000000000
1334411880,1170.000000000000,0.150000000000
1334414519,1300.000000000000,0.110000000000
1334479689,1249.990000000000,0.250000000000
1334479690,1250.000000000000,5.000000000000
1334491964,1250.000000000000,5.000000000000
1334522961,1250.000000000000,0.100000000000
1334756386,1300.000000000000,2.000000000000
1334757487,1300.000000000000,2.000000000000
1334841509,1300.000000000000,0.890000000000
1334919066,1379.990000000000,0.160000000000
1334919069,1380.000000000000,2.000000000000
1334919070,1400.000000000000,0.800000000000
1334919070,1450.000000000000,2.040000000000
1335010667,1450.000000000000,0.020000000000
1335021579,1450.000000000000,1.000000000000
1335031679,1450.000000000000,0.400000000000
1335125852,1375.000000000000,23.000000000000
1335126083,1375.000000000000,0.350000000000
1335165638,1364.000000000000,1.000000000000
1335165670,1375.000000000000,2.000000000000
1335165747,1375.000000000000,0.610000000000
1335276666,1375.000000000000,3.560000000000
1335359879,1375.000000000000,0.040000000000
1335402557,1375.000000000000,2.330000000000
1335402723,1375.000000000000,0.780000000000
1335402955,1375.000000000000,0.430000000000
1335504554,1375.000000000000,3.560000000000
1335622404,1375.000000000000,3.590000000000
1335708117,1375.000000000000,3.390000000000
1335708642,1375.000000000000,0.210000000000
1335800455,1300.000000000000,0.510000000000
1335800533,1300.000000000000,0.490000000000
1335803809,1360.000000000000,1.000000000000
1335803852,1375.000000000000,0.840000000000
1335806460,1375.000000000000,1.170000000000
1335894930,1375.000000000000,1.570000000000
1335899214,1370.000000000000,0.390000000000
1335915842,1370.000000000000,0.430000000000
1336020303,1330.000000000000,0.430000000000
1336020324,1325.000000000000,0.570000000000
1336126159,1370.000000000000,0.250000000000
1336254186,1360.000000000000,3.640000000000
1336351497,1360.000000000000,0.610000000000
1336358596,1360.000000000000,0.120000000000
1336388156,1360.000000000000,1.050000000000
1336476839,1360.000000000000,0.400000000000
1336502799,1360.000000000000,0.740000000000
1336727482,1360.000000000000,0.330000000000
1336789316,1360.000000000000,0.960000000000
1336931317,1330.000000000000,0.650000000000
1336955247,1360.000000000000,0.170000000000
1336956820,1360.000000000000,1.180000000000
1337007993,1360.000000000000,0.210000000000
1337085699,1360.000000000000,0.690000000000
1337085784,1375.000000000000,0.870000000000
1337195185,1375.000000000000,0.720000000000
1337286476,1375.000000000000,0.680000000000
1337315043,1375.000000000000,1.800000000000
1337324720,1375.000000000000,1.140000000000
1337326645,1375.000000000000,0.370000000000
1337364038,1375.000000000000,0.100000000000
1337565088,1340.000000000000,0.450000000000
1337783607,1375.000000000000,0.050000000000
1337796646,1375.000000000000,1.000000000000
1337870635,1375.000000000000,0.290000000000
1337876032,1360.000000000000,0.100000000000
1337896228,1375.000000000000,1.400000000000
1337927314,1375.000000000000,0.760000000000
1337935582,1375.000000000000,1.000000000000
1338031454,1375.000000000000,1.000000000000
1338057698,1365.000000000000,0.100000000000
1338066591,1365.000000000000,1.100000000000
1338066591,1360.000000000000,3.000000000000
1338087443,1375.000000000000,0.010000000000
1338321466,1375.000000000000,0.380000000000
1338408888,1370.000000000000,0.240000000000
1338408996,1360.000000000000,1.000000000000
1338409088,1360.000000000000,1.000000000000
1338409090,1360.000000000000,1.000000000000
1338458306,1375.000000000000,1.000000000000
1338620676,1360.000000000000,10.000000000000
1338851220,1360.000000000000,9.000000000000
1338884607,1377.000000000000,2.000000000000
1338913562,1360.000000000000,0.490000000000
1338987900,1395.000000000000,1.000000000000
1338997426,1395.000000000000,3.000000000000
1338999070,1395.000000000000,1.000000000000
1339016615,1395.000000000000,0.100000000000
1339084087,1395.000000000000,3.900000000000
1339084130,1415.000000000000,1.090000000000
1339084181,1450.000000000000,2.200000000000
1339110618,1449.990000000000,0.380000000000
1339140518,1449.990000000000,1.620000000000
1339140528,1450.000000000000,4.380000000000
1339148535,1450.000000000000,1.000000000000
1339185541,1450.000000000000,9.880000000000
1339235701,1360.010000000000,0.100000000000
1339261609,1449.990000000000,0.100000000000
1339261639,1450.000000000000,0.330000000000
1339261704,1500.000000000000,0.970000000000
1339265233,1500.000000000000,3.000000000000
1339273664,1500.000000000000,5.910000000000
1339273702,1530.000000000000,3.700000000000
1339273982,1530.000000000000,0.090000000000
1339407432,1800.000000000000,1.000000000000
1339419915,1800.000000000000,0.100000000000
1339509746,1430.000000000000,0.590000000000
1339779097,1800.000000000000,0.100000000000
1339779114,1890.000000000000,0.940000000000
1339856831,1890.000000000000,0.530000000000
1339864529,1890.000000000000,8.430000000000
1339864563,1900.000000000000,18.240000000000
1339871899,1900.000000000000,1.040000000000
1339942124,1750.000000000000,1.080000000000
1339955851,1900.000000000000,1.000000000000
1339955943,1900.000000000000,1.000000000000
1339959785,1900.000000000000,0.260000000000
1339959786,1999.000000000000,1.190000000000
1339959901,1999.000000000000,0.050000000000
1340049606,1850.000000000000,1.000000000000
1340050496,1850.000000000000,0.310000000000
1340070162,1999.000000000000,1.450000000000
1340158084,1999.000000000000,0.310000000000
1340158084,2100.000000000000,1.090000000000
1340158122,2100.000000000000,0.070000000000
1340197787,1800.000000000000,2.000000000000
1340253988,2050.000000000000,1.000000000000
1340265335,2050.000000000000,3.980000000000
1340265379,2100.000000000000,1.840000000000
1340291250,1950.000000000000,1.520000000000
1340369891,1940.000000000000,3.570000000000
1340370040,1940.000000000000,1.530000000000
1340370476,1940.000000000000,3.570000000000
1340451769,1940.000000000000,0.300000000000
1340636003,1940.000000000000,0.220000000000
1340641905,1830.000000000000,0.580000000000
1340650095,1810.000000000000,1.090000000000
1340650096,1790.000000000000,1.650000000000
1340650096,1760.000000000000,2.000000000000
1340650096,1751.050000000000,2.130000000000
1340650096,1750.000000000000,0.150000000000
1340722270,1800.000000000000,1.000000000000
1340729725,1750.000000000000,13.000000000000
1340870874,1800.000000000000,4.980000000000
1341048609,1849.000000000000,1.000000000000
1341214762,1849.000000000000,1.000000000000
1341242787,1850.000000000000,2.130000000000
1341247567,1938.000000000000,3.000000000000
1341247623,1939.000000000000,2.000000000000
1341338938,1850.000000000000,3.610000000000
1341471031,1760.000000000000,1.370000000000
1341494533,1929.000000000000,0.620000000000
1341925004,1890.000000000000,0.620000000000
1341948838,1890.000000000000,2.080000000000
1341949190,1890.000000000000,0.010000000000
1341974849,1890.000000000000,2.290000000000
1341974850,1900.000000000000,1.980000000000
1341974850,1910.000000000000,3.770000000000
1341987380,1910.000000000000,0.230000000000
1342030726,1930.000000000000,1.020000000000
1342075691,1930.000000000000,3.980000000000
1342149267,2049.000000000000,2.980000000000
1342149292,2100.000000000000,3.040000000000
1342216305,2100.000000000000,0.990000000000
1342217991,2100.000000000000,1.000000000000
1342251145,2100.000000000000,0.010000000000
1342351339,2100.000000000000,2.000000000000
1342433817,2100.000000000000,0.500000000000
1342438854,2100.000000000000,0.500000000000
1342441629,2100.000000000000,0.100000000000
1342448774,2100.000000000000,1.000000000000
1342462081,2100.000000000000,0.400000000000
1342462106,2000.000000000000,0.460000000000
1342462136,1941.000000000000,0.140000000000
1342475929,2150.000000000000,5.000000000000
1342475992,2200.000000000000,3.000000000000
1342476048,1941.000000000000,0.310000000000
1342476048,1940.000000000000,1.750000000000
1342476049,1760.000000000000,0.630000000000
1342476050,1750.000000000000,13.080000000000
1342476111,1750.000000000000,1.000000000000
1342476206,1800.000000000000,1.000000000000
1342478996,1800.000000000000,0.230000000000
1342483883,1950.000000000000,0.230000000000
1342508341,2199.000000000000,0.040000000000
1342530132,2199.000000000000,0.190000000000
1342530133,2200.000000000000,1.810000000000
1342626931,2200.000000000000,0.140000000000
1342626957,2380.000000000000,0.450000000000
1342627024,2400.000000000000,0.250000000000
1342731787,2600.000000000000,0.130000000000
1342852686,2400.000000000000,0.050000000000
1342946717,2450.000000000000,0.950000000000
1342951000,2450.000000000000,3.000000000000
1342962493,2450.000000000000,0.050000000000
1342994324,2500.000000000000,0.770000000000
1343054768,2450.000000000000,1.570000000000
1343075799,2450.000000000000,0.430000000000
1343102930,2300.000000000000,0.210000000000
1343102930,2200.000000000000,0.770000000000
1343119680,2499.000000000000,0.070000000000
1343119834,2500.000000000000,0.230000000000
1343119834,2500.000000000000,0.070000000000
1343148523,2450.000000000000,2.000000000000
1343216627,2470.000000000000,1.000000000000
1343243753,2500.000000000000,0.200000000000
1343243774,2510.000000000000,0.700000000000
1343312240,2510.000000000000,0.110000000000
1343530161,2250.000000000000,0.100000000000
1343667826,2510.000000000000,0.890000000000
1343692808,2510.000000000000,0.020000000000
1343755134,2510.000000000000,1.000000000000
1343759566,2510.000000000000,0.210000000000
1343760259,2510.000000000000,0.070000000000
1343760288,2515.000000000000,0.960000000000
1343779205,2515.000000000000,0.020000000000
1343804442,2515.000000000000,0.250000000000
1343846590,2515.000000000000,0.230000000000
1343846770,2515.000000000000,0.300000000000
1343846791,2515.000000000000,0.050000000000
1343865604,2515.000000000000,0.020000000000
1343889943,2515.000000000000,0.260000000000
1343952003,2514.900000000000,0.020000000000
1343952536,2514.900000000000,0.480000000000
1343952537,2515.000000000000,1.870000000000
1343977615,2401.060000000000,0.700000000000
1344017449,2700.000000000000,0.010000000000
1344038427,2900.000000000000,0.010000000000
1344092955,3000.000000000000,1.000000000000
1344124803,3040.000000000000,0.020000000000
1344211202,3039.000000000000,0.020000000000
1344242557,2800.000000000000,2.960000000000
1344242578,2850.000000000000,1.980000000000
1344242603,2900.000000000000,3.000000000000
1344242634,3039.000000000000,0.980000000000
1344242664,3040.000000000000,0.980000000000
1344242687,3075.000000000000,0.940000000000
1344273380,2800.000000000000,1.400000000000
1344276937,2910.000000000000,1.960000000000
1344276937,2920.000000000000,2.000000000000
1344276937,2930.000000000000,2.000000000000
1344276938,2940.000000000000,2.000000000000
1344276938,2950.000000000000,0.100000000000
1344278925,2650.010000000000,0.010000000000
1344297602,2995.000000000000,0.020000000000
1344328876,2909.000000000000,0.560000000000
1344328901,2910.000000000000,0.110000000000
1344329543,2910.000000000000,0.850000000000
1344329544,2920.000000000000,1.000000000000
1344329545,2930.000000000000,1.000000000000
1344329545,2940.000000000000,1.000000000000
1344329545,2950.000000000000,1.000000000000
1344329545,2960.000000000000,1.000000000000
1344329546,2970.000000000000,1.000000000000
1344329546,2980.000000000000,1.000000000000
1344329546,2995.000000000000,0.080000000000
1344331068,2800.000000000000,1.000000000000
1344331069,2980.000000000000,0.120000000000
1344352653,2815.000000000000,0.960000000000
1344352676,2825.000000000000,1.000000000000
1344352700,2835.000000000000,1.000000000000
1344352802,2845.000000000000,1.000000000000
1344353181,2855.000000000000,0.840000000000
1344364905,2855.000000000000,0.160000000000
1344364933,2865.000000000000,0.320000000000
1344373370,2865.000000000000,0.680000000000
1344373371,2870.000000000000,2.750000000000
1344373371,2875.000000000000,1.000000000000
1344373371,2885.000000000000,1.000000000000
1344373371,2925.000000000000,3.570000000000
1344373406,2925.000000000000,1.000000000000
1344384004,2925.000000000000,0.020000000000
1344399182,2925.000000000000,0.210000000000
1344407330,2990.000000000000,0.010000000000
1344407330,2995.000000000000,0.110000000000
1344407338,3000.000000000000,5.000000000000
1344409509,3005.000000000000,0.080000000000
1344409509,3000.000000000000,0.930000000000
1344411144,3000.000000000000,7.960000000000
1344414147,3000.000000000000,0.100000000000
1344414230,3000.000000000000,1.000000000000
1344414288,3000.000000000000,0.110000000000
1344414436,3000.000000000000,0.140000000000
1344414569,3000.000000000000,0.150000000000
1344414715,3000.000000000000,0.150000000000
1344414827,3000.000000000000,0.160000000000
1344414925,3000.000000000000,0.160000000000
1344415037,3000.000000000000,0.180000000000
1344419387,3000.000000000000,2.660000000000
1344470403,3248.000000000000,0.020000000000
1344792946,2949.000000000000,0.030000000000
1344792999,2949.000000000000,0.050000000000
1344793025,2950.000000000000,0.560000000000
1344793061,2950.000000000000,0.040000000000
1344793122,2950.000000000000,0.360000000000
1344793243,2960.000000000000,0.040000000000
1344864640,2960.000000000000,0.920000000000
1344864663,2970.000000000000,0.100000000000
1344870664,2970.000000000000,0.900000000000
1344870684,2980.000000000000,1.000000000000
1344870698,2990.000000000000,1.000000000000
1344870715,3000.000000000000,1.000000000000
1344932100,3010.000000000000,1.000000000000
1344932101,3020.000000000000,1.000000000000
1344933689,3245.000000000000,0.180000000000
1345103049,3119.000000000000,0.740000000000
1345103092,3120.000000000000,3.900000000000
1345127628,3130.000000000000,0.940000000000
1345127650,3131.000000000000,1.000000000000
1345127669,3140.000000000000,1.000000000000
1345127701,3141.000000000000,1.000000000000
1345127729,3142.000000000000,0.800000000000
1345131389,3142.000000000000,0.200000000000
1345131391,3143.000000000000,1.000000000000
1345131391,3144.000000000000,1.000000000000
1345131392,3145.000000000000,0.990000000000
1345132746,3145.000000000000,0.010000000000
1345132746,3150.000000000000,1.780000000000
1345135518,3150.000000000000,3.000000000000
1345135643,3150.000000000000,0.200000000000
1345139245,3145.000000000000,0.010000000000
1345191477,3350.000000000000,0.960000000000
1345191511,3355.000000000000,0.500000000000
1345192095,3355.000000000000,0.500000000000
1345192112,3360.000000000000,1.000000000000
1345192123,3365.000000000000,1.000000000000
1345192136,3370.000000000000,1.000000000000
1345192147,3375.000000000000,1.000000000000
1345192159,3380.000000000000,1.000000000000
1345224021,3700.000000000000,0.960000000000
1345224047,3710.000000000000,1.000000000000
1345224061,3720.000000000000,1.000000000000
1345224080,3730.000000000000,1.000000000000
1345294929,3100.000000000000,1.000000000000
1345311527,3000.000000000000,1.000000000000
1345369604,2947.000000000000,8.000000000000
1345369938,2900.000000000000,1.000000000000
1345376008,2800.000000000000,1.000000000000
1345376008,2748.000000000000,0.110000000000
1345376009,2747.000000000000,3.890000000000
1345376040,2747.000000000000,0.630000000000
1345376040,2680.000000000000,1.000000000000
1345376041,2650.000000000000,7.000000000000
1345394985,3000.000000000000,1.000000000000
1345543266,2585.000000000000,4.000000000000
1345677033,2376.000000000000,1.000000000000
1345742166,2400.000000000000,1.000000000000
1345743509,2490.000000000000,0.980000000000
1345743509,2500.000000000000,0.020000000000
1345841466,2500.000000000000,0.980000000000
1345841664,2510.000000000000,1.000000000000
1345841764,2520.000000000000,0.710000000000
1345895679,2520.000000000000,0.290000000000
1345895738,2530.000000000000,1.000000000000
1345895805,2599.000000000000,0.650000000000
1345915573,2599.000000000000,0.330000000000
1345970106,2500.000000000000,0.330000000000
1345970301,3715.000000000000,0.150000000000
1345970301,3740.000000000000,1.000000000000
1345970301,3750.000000000000,1.000000000000
1345970301,3760.000000000000,0.850000000000
1346077981,3120.000000000000,0.060000000000
1346179600,3120.000000000000,0.230000000000
1346350307,3040.000000000000,0.790000000000
1346359843,3030.000000000000,0.230000000000
1346375786,2900.000000000000,0.100000000000
1346446310,2850.000000000000,1.030000000000
1346458867,2650.000000000000,1.000000000000
1346503685,2790.000000000000,1.000000000000
1346503687,2800.000000000000,0.020000000000
1346503786,2800.000000000000,0.100000000000
1346504959,2800.000000000000,0.620000000000
1346506923,2849.900000000000,1.000000000000
1346554037,3039.000000000000,0.500000000000
1346612757,3039.000000000000,0.760000000000
1346651224,3039.000000000000,0.450000000000
1346790295,2889.000000000000,0.110000000000
1346790297,2889.000000000000,1.000000000000
1346790334,2890.000000000000,0.330000000000
1347470262,2890.000000000000,0.030000000000
1347470298,2890.000000000000,0.040000000000
1347480129,2890.000000000000,1.000000000000
1347482444,2890.000000000000,0.020000000000
1347545502,2890.000000000000,0.260000000000
1347550304,2890.000000000000,0.020000000000
1347574695,2889.000000000000,0.180000000000
1347607755,2889.000000000000,0.820000000000
1347607757,2890.000000000000,0.180000000000
1347633617,2890.000000000000,1.000000000000
1347637803,2890.000000000000,1.410000000000
1347637824,2899.890000000000,8.610000000000
1347637825,2900.000000000000,2.870000000000
1347653827,3040.000000000000,0.210000000000
1347653830,3050.000000000000,0.270000000000
1347656545,2750.010000000000,0.140000000000
1347689945,3050.000000000000,0.730000000000
1347689948,3060.000000000000,0.270000000000
1347709260,3060.000000000000,0.730000000000
1347709262,3070.000000000000,0.270000000000
1347709545,3070.000000000000,0.730000000000
1347709545,3080.000000000000,0.380000000000
1347730930,3080.000000000000,0.130000000000
1347735153,3080.000000000000,0.490000000000
1347735154,3120.000000000000,0.510000000000
1347742009,3120.000000000000,0.160000000000
1347742010,3140.000000000000,0.780000000000
1347742123,3140.000000000000,0.220000000000
1347742124,3160.000000000000,0.010000000000
1347753957,3160.000000000000,0.170000000000
1347772266,3160.000000000000,0.060000000000
1347783865,3159.000000000000,0.070000000000
1347826068,3149.000000000000,0.150000000000
1347826070,3159.000000000000,2.000000000000
1347830673,3159.000000000000,0.080000000000
1347833580,3159.000000000000,1.000000000000
1347880570,2940.000000000000,0.110000000000
1347888219,3159.000000000000,1.000000000000
1347888280,3159.000000000000,1.000000000000
1347888380,3159.000000000000,1.210000000000
1347891944,3159.000000000000,0.020000000000
1347938320,3159.000000000000,2.000000000000
1347938338,3159.000000000000,0.250000000000
1347952064,3159.000000000000,0.850000000000
1348012534,3160.000000000000,0.760000000000
1348024721,3180.000000000000,1.000000000000
1348024870,3200.000000000000,1.000000000000
1348025701,3220.000000000000,1.000000000000
1348060584,3239.000000000000,0.020000000000
1348060709,3239.000000000000,0.010000000000
1348064306,3239.000000000000,0.350000000000
1348064307,3240.000000000000,0.450000000000
1348069892,3240.000000000000,0.010000000000
1348083535,3240.000000000000,0.170000000000
1348111694,3240.000000000000,0.080000000000
1348144278,3240.000000000000,0.290000000000
1348144280,3240.000000000000,4.710000000000
1348199428,3199.000000000000,1.620000000000
1348213056,3199.000000000000,1.380000000000
1348213057,3240.000000000000,0.010000000000
1348219271,3240.000000000000,0.280000000000
1348219337,3260.000000000000,1.000000000000
1348227302,3240.000000000000,0.160000000000
1348273951,3240.000000000000,0.100000000000
1348341664,3239.880000000000,0.210000000000
1348390461,3110.000000000000,1.500000000000
1348390462,3105.000000000000,1.500000000000
1348390463,3100.000000000000,2.000000000000
1348440082,3236.000000000000,0.050000000000
1348440086,3236.900000000000,0.150000000000
1348526044,3235.990000000000,0.300000000000
1348616773,3234.500000000000,0.070000000000
1348616776,3234.900000000000,0.120000000000
1348624804,3234.900000000000,0.130000000000
1348744623,3229.900000000000,0.010000000000
1348769001,3229.900000000000,0.010000000000
1348816750,3229.900000000000,0.100000000000
1348865712,3229.900000000000,0.200000000000
1348946346,3229.900000000000,0.020000000000
1349030193,3229.900000000000,0.020000000000
1349076142,3229.900000000000,0.300000000000
1349139406,3229.900000000000,0.200000000000
1349169696,3229.900000000000,0.020000000000
1349177631,3100.000000000000,0.050000000000
1349186900,3229.900000000000,0.210000000000
1349186900,3240.000000000000,1.000000000000
1349186901,3250.000000000000,0.960000000000
1349186902,3250.000000000000,1.000000000000
1349186902,3250.000000000000,1.000000000000
1349186902,3260.000000000000,0.830000000000
1349189162,3260.000000000000,0.170000000000
1349189163,3260.000000000000,0.830000000000
1349193921,3260.000000000000,0.170000000000
1349193921,3270.000000000000,1.000000000000
1349196203,3270.000000000000,0.100000000000
1349203448,3270.000000000000,0.020000000000
1349205057,3270.000000000000,0.010000000000
1349226815,3270.000000000000,0.870000000000
1349254029,3395.000000000000,0.010000000000
1349275495,3110.000000000000,0.130000000000
1349275496,3100.000000000000,0.020000000000
1349275625,3395.000000000000,0.010000000000
1349294677,3394.000000000000,0.400000000000
1349297926,3394.000000000000,0.500000000000
1349305909,3394.000000000000,0.500000000000
1349305909,3395.000000000000,0.150000000000
1349311944,3395.000000000000,0.100000000000
1349367392,3395.000000000000,0.070000000000
1349377847,3395.000000000000,0.010000000000
1349389657,3395.000000000000,0.090000000000
1349393917,3395.000000000000,0.080000000000
1349396126,3395.000000000000,0.030000000000
1349463967,3395.000000000000,0.010000000000
1349464040,3395.000000000000,0.010000000000
1349467659,3420.000000000000,0.010000000000
1349472149,3420.000000000000,0.010000000000
1349472170,3420.000000000000,0.010000000000
1349475091,3420.000000000000,0.010000000000
1349561356,3420.000000000000,0.920000000000
1349561361,3430.000000000000,0.010000000000
1349627482,3407.560000000000,0.010000000000
1349654099,3407.560000000000,0.620000000000
1349669737,3120.000000000000,0.120000000000
1349669751,3100.000000000000,0.050000000000
1349674331,3075.000000000000,1.500000000000
1349674331,3051.990000000000,5.000000000000
1349674332,3050.020000000000,1.000000000000
1349674333,3050.010000000000,2.330000000000
1349687775,3050.010000000000,7.670000000000
1349742803,3079.490000000000,0.570000000000
1349761472,3079.490000000000,0.010000000000
1349763040,3079.490000000000,0.010000000000
1349766584,3079.490000000000,0.020000000000
1349766640,3079.490000000000,0.020000000000
1349775540,3124.000000000000,0.020000000000
1349781345,3400.000000000000,0.020000000000
1349784909,3350.000000000000,0.010000000000
1349788901,3350.000000000000,0.030000000000
1349788916,3350.000000000000,0.020000000000
1349788941,3350.000000000000,0.010000000000
1349801720,3349.000000000000,0.020000000000
1349813098,3250.000000000000,0.010000000000
1349813135,3250.000000000000,0.010000000000
1349849378,3250.000000000000,0.010000000000
1349852119,3250.000000000000,0.030000000000
1349852203,3250.000000000000,0.010000000000
1349868042,3250.000000000000,0.010000000000
1349868071,3250.000000000000,0.020000000000
1349868091,3250.000000000000,0.010000000000
1349877650,3250.000000000000,0.020000000000
1349877679,3250.000000000000,0.010000000000
1349893388,3250.000000000000,0.700000000000
1349904089,3250.000000000000,0.450000000000
1349906705,3250.000000000000,0.020000000000
1349906738,3250.000000000000,0.010000000000
1349954864,3250.000000000000,0.020000000000
1349954901,3250.000000000000,0.010000000000
1349954976,3250.000000000000,0.010000000000
1349962178,3250.000000000000,0.020000000000
1349962208,3250.000000000000,0.010000000000
1349964032,3250.000000000000,0.020000000000
1349964072,3250.000000000000,0.010000000000
1349964111,3250.000000000000,0.210000000000
1349976683,3250.000000000000,0.150000000000
1349988306,3250.000000000000,0.010000000000
1349988337,3250.000000000000,0.010000000000
1350006743,3250.000000000000,0.120000000000
1350042540,3250.000000000000,0.020000000000
1350047232,3250.000000000000,0.010000000000
1350047259,3250.000000000000,0.010000000000
1350062932,3160.000000000000,1.000000000000
1350062933,3150.000000000000,1.000000000000
1350062933,3100.000000000000,1.000000000000
1350062934,3050.000000000000,1.000000000000
1350062934,2914.000000000000,0.160000000000
1350062935,2913.000000000000,0.840000000000
1350075006,3200.000000000000,0.010000000000
1350123588,3200.000000000000,0.020000000000
1350123824,3200.000000000000,2.000000000000
1350147739,3222.000000000000,0.010000000000
1350150602,3100.000000000000,0.500000000000
1350160075,3225.000000000000,0.010000000000
1350160159,3225.000000000000,0.010000000000
1350160203,3225.000000000000,0.010000000000
1350164832,3225.000000000000,1.000000000000
1350165121,3225.000000000000,0.020000000000
1350165149,3225.000000000000,0.010000000000
1350172755,3225.000000000000,0.080000000000
1350199533,3225.000000000000,0.090000000000
1350202636,3225.000000000000,0.010000000000
1350202661,3225.000000000000,0.010000000000
1350209229,3225.000000000000,0.010000000000
1350209306,3225.000000000000,0.020000000000
1350215069,3225.000000000000,1.180000000000
1350215070,3245.000000000000,1.500000000000
1350215070,3250.000000000000,0.320000000000
1350242467,3250.000000000000,0.020000000000
1350242525,3250.000000000000,0.010000000000
1350253759,3250.000000000000,0.250000000000
1350258649,3250.000000000000,0.450000000000
1350306868,3250.000000000000,0.020000000000
1350306923,3250.000000000000,0.010000000000
1350309082,3250.000000000000,0.660000000000
1350309134,3250.000000000000,0.300000000000
1350321315,3250.000000000000,3.100000000000
1350321331,3250.000000000000,0.020000000000
1350321410,3250.000000000000,0.020000000000
1350329685,3250.000000000000,0.020000000000
1350329715,3250.000000000000,0.010000000000
1350371783,3250.000000000000,0.020000000000
1350371826,3250.000000000000,0.010000000000
1350392095,3250.000000000000,0.020000000000
1350392125,3250.000000000000,0.010000000000
1350401868,3250.000000000000,0.020000000000
1350401891,3250.000000000000,0.010000000000
1350403237,3250.000000000000,3.000000000000
1350406008,3250.000000000000,0.210000000000
1350412421,3250.000000000000,2.000000000000
1350414103,3250.000000000000,0.250000000000
1350415270,3250.000000000000,0.020000000000
1350415300,3250.000000000000,0.010000000000
1350415328,3250.000000000000,0.010000000000
1350416383,3250.000000000000,0.020000000000
1350416410,3250.000000000000,0.010000000000
1350423181,3250.000000000000,0.150000000000
1350435174,3250.000000000000,0.210000000000
1350450065,3000.000000000000,0.340000000000
1350457475,3250.000000000000,0.010000000000
1350457531,3250.000000000000,0.010000000000
1350457640,3250.000000000000,0.020000000000
1350457754,3250.000000000000,0.010000000000
1350470471,3245.000000000000,0.010000000000
1350470509,3245.000000000000,0.010000000000
1350473845,3245.000000000000,0.030000000000
1350473917,3245.000000000000,0.120000000000
1350473956,3245.000000000000,0.100000000000
1350473979,3245.000000000000,0.040000000000
1350480129,3245.000000000000,0.020000000000
1350483446,3245.000000000000,0.600000000000
1350484078,3245.000000000000,0.010000000000
1350493419,3245.000000000000,1.800000000000
1350493420,3250.000000000000,1.300000000000
1350537114,3250.000000000000,0.140000000000
1350562000,3250.000000000000,0.020000000000
1350562039,3250.000000000000,0.010000000000
1350563363,3250.000000000000,0.010000000000
1350574939,3250.000000000000,0.010000000000
1350585084,3250.000000000000,3.050000000000
1350600792,3245.000000000000,0.140000000000
1350651175,3244.000000000000,0.010000000000
1350651221,3244.000000000000,0.010000000000
1350655677,3244.000000000000,0.870000000000
1350677607,3179.000000000000,0.010000000000
1350683840,3105.000000000000,0.020000000000
1350683900,3105.000000000000,0.010000000000
1350683936,3105.000000000000,0.020000000000
1350695855,3105.000000000000,0.500000000000
1350696280,3105.000000000000,2.000000000000
1350737262,3240.000000000000,2.310000000000
1350737264,3250.000000000000,0.770000000000
1350749749,3238.900000000000,2.000000000000
1350749750,3239.000000000000,1.000000000000
1350767457,3239.000000000000,0.010000000000
1350767499,3239.000000000000,0.010000000000
1350770387,3239.000000000000,0.980000000000
1350770388,3245.000000000000,3.000000000000
1350770389,3250.000000000000,1.020000000000
1350779912,3249.900000000000,3.000000000000
1350795744,3249.900000000000,2.000000000000
1350807245,3249.900000000000,0.020000000000
1350808539,3249.900000000000,0.020000000000
1350823786,3200.000000000000,7.000000000000
1350823786,3249.900000000000,1.960000000000
1350823787,3250.000000000000,3.980000000000
1350823787,3250.000000000000,0.060000000000
1350843117,3249.000000000000,1.990000000000
1350843119,3250.000000000000,1.430000000000
1350843120,3350.000000000000,5.000000000000
1350843120,3396.750000000000,2.000000000000
1350843120,3430.000000000000,0.990000000000
1350843121,3440.000000000000,1.000000000000
1350843122,3450.000000000000,1.000000000000
1350843122,3460.000000000000,1.000000000000
1350843123,3470.000000000000,1.000000000000
1350843123,3480.000000000000,1.000000000000
1350843124,3760.000000000000,0.150000000000
1350843124,3999.990000000000,11.440000000000
1350854622,3300.000000000000,5.000000000000
1350854623,3500.000000000000,100.000000000000
1350854623,3600.000000000000,30.000000000000
1350854646,3076.000000000000,0.100000000000
1350854647,3075.000000000000,0.900000000000
1350907172,3105.000000000000,5.000000000000
1350915688,3110.000000000000,8.000000000000
