1312971936,26.000000000000,1.500000000000
1313064620,28.700000000000,1.000000000000
1313218153,28.700000000000,1.000000000000
1313218159,26.320000000000,4.000000000000
1313287557,27.000000000000,6.000000000000
1313287653,28.000000000000,5.000000000000
1313410537,30.000000000000,5.000000000000
1313410629,30.000000000000,5.000000000000
1313454948,31.000000000000,5.000000000000
1313567239,31.000000000000,2.000000000000
1313567251,30.900000000000,4.000000000000
1313682407,30.900000000000,1.000000000000
1313682419,30.520000000000,1.000000000000
1313682497,30.550000000000,13.500000000000
1313807152,31.000000000000,2.500000000000
1313807165,31.500000000000,2.000000000000
1313807179,31.900000000000,5.000000000000
1313893516,31.980000000000,6.000000000000
1314199263,31.980000000000,2.000000000000
1314199366,31.920000000000,0.500000000000
1314199367,30.550000000000,1.500000000000
1314199368,30.520000000000,2.000000000000
1314199369,30.000000000000,5.000000000000
1314199370,29.000000000000,1.500000000000
1314199371,28.000000000000,2.000000000000
1314199372,27.500000000000,3.000000000000
1314199373,27.000000000000,2.000000000000
1314199374,26.320000000000,5.079020000000
1314199375,26.000000000000,0.000000000000
1314199375,25.000000000000,0.000000000000
1314199376,24.500000000000,0.000000000000
1314199376,21.000000000000,0.000000000000
1314199377,20.000000000000,0.000000000000
1314199377,17.000000000000,0.000000000000
1314199378,15.000000000000,0.000000000000
1314199379,12.500000000000,0.000000000000
1314199379,12.300000000000,0.000000000000
1314199379,12.100000000000,0.000000000000
1314199380,12.000000000000,0.000000000000
1314199381,11.500000000000,0.000000000000
1314199381,11.200000000000,0.000000000000
1314199382,11.000000000000,0.000000000000
1314199958,32.000000000000,0.500000000000
1314237684,30.640000000000,5.000000000000
1314237685,30.240000000000,3.500000000000
1314237686,26.320000000000,0.920970000000
1314237686,26.000000000000,3.500000000000
1314237687,25.000000000000,18.079020000000
1314239869,30.240000000000,2.000000000000
1314321147,30.240000000000,3.000000000000
1314385635,27.930000000000,5.000000000000
1314385636,26.000000000000,2.000000000000
1314385637,25.000000000000,1.920970000000
1314385638,25.000000000000,4.079020000000
1314435929,25.000000000000,0.920970000000
1314435930,24.500000000000,2.579020000000
1314501756,24.768000000000,5.000000000000
1314590254,24.910000000000,4.000000000000
1314687244,25.050000000000,5.000000000000
1314759259,25.250000000000,6.000000000000
1314810117,25.250000000000,4.000000000000
1314810118,25.050000000000,5.000000000000
1314875568,24.500000000000,2.000000000000
1314875603,24.500000000000,5.420970000000
1314875606,24.360000000000,6.000000000000
1315153694,23.470000000000,3.000000000000
1315153698,22.000000000000,1.000000000000
1315279226,22.000000000000,9.000000000000
1315279229,21.500000000000,10.000000000000
1315279233,21.100000000000,15.000000000000
1315279236,21.000000000000,3.000000000000
1315311745,19.000000000000,8.500000000000
1315311748,18.000000000000,1.500000000000
1315411403,19.040000000000,5.000000000000
1315535024,19.040000000000,5.000000000000
1315535028,18.000000000000,1.000000000000
1315535228,18.000000000000,13.500000000000
1315535232,17.750000000000,1.500000000000
1315574286,17.750000000000,8.500000000000
1315574289,17.000000000000,19.500000000000
1315579620,17.000000000000,0.500000000000
1315583334,15.000000000000,25.000000000000
1315644084,14.400000000000,17.000000000000
1315649791,14.600000000000,0.582190000000
1315733356,14.400000000000,3.000000000000
1315733360,14.000000000000,5.000000000000
1315733413,14.000000000000,5.000000000000
1315733417,13.900000000000,1.000000000000
1315752804,14.600000000000,4.417810000000
1315752808,15.200000000000,5.000000000000
1315752811,15.900000000000,2.582190000000
1315780320,15.900000000000,3.417810000000
1315780322,18.200000000000,3.000000000000
1315780324,18.900000000000,5.000000000000
1315780326,20.000000000000,4.582190000000
1315780350,20.000000000000,3.416640000000
1315897836,17.190000000000,10.000000000000
1315973864,18.000000000000,3.113200000000
1315975125,18.000000000000,1.386790000000
1316069313,17.190000000000,5.000000000000
1316069316,17.000000000000,5.000000000000
1316069320,16.700000000000,3.000000000000
1316069323,15.000000000000,2.000000000000
1316127694,15.000000000000,6.000000000000
1316127698,14.900000000000,1.000000000000
1316144689,15.500000000000,4.000000000000
1316389980,15.900000000000,3.520000000000
1317264337,15.900000000000,0.480000000000
1318504270,14.900000000000,4.000000000000
1318504427,13.900000000000,7.000000000000
1318577498,13.820000000000,6.500000000000
1318577499,13.500000000000,20.000000000000