000
1387388649,158000.000000000000,0.020000000000
1387388748,158000.000000000000,0.050000000000
1387388748,158000.000000000000,0.030000000000
1387388814,158000.000000000000,0.080000000000
1387388814,158000.000000000000,0.040000000000
1387388831,158000.000000000000,0.060000000000
1387388831,158000.000000000000,0.100000000000
1387388831,158000.000000000000,0.070000000000
1387388904,158000.000000000000,0.030000000000
1387388904,158000.000000000000,0.100000000000
1387388904,158000.000000000000,0.100000000000
1387388904,158000.000000000000,0.090000000000
1387388915,158000.000000000000,0.010000000000
1387388915,158000.000000000000,0.100000000000
1387388915,158000.000000000000,0.100000000000
1387388915,158000.000000000000,0.100000000000
1387388915,158000.000000000000,0.050000000000
1387388927,158000.000000000000,0.050000000000
1387388927,158000.000000000000,0.050000000000
1387388953,158000.000000000000,0.050000000000
1387388954,158000.000000000000,0.090000000000
1387388955,158000.000000000000,0.010000000000
1387388955,158000.000000000000,0.100000000000
1387388955,158000.000000000000,0.040000000000
1387388975,158000.000000000000,0.060000000000
1387388975,158000.000000000000,0.100000000000
1387388975,158000.000000000000,0.100000000000
1387388975,158000.000000000000,0.100000000000
1387388975,158000.000000000000,0.020000000000
1387388976,158000.000000000000,0.080000000000
1387388976,158000.000000000000,0.060000000000
1387389021,157501.000000000000,0.030000000000
1387389063,158000.000000000000,0.040000000000
1387389063,158000.000000000000,0.110000000000
1387389090,158000.000000000000,0.190000000000
1387389209,158000.000000000000,0.200000000000
1387389209,158500.000000000000,0.120000000000
1387389227,158500.000000000000,0.330000000000
1387389369,158500.000000000000,0.050000000000
1387389472,159000.000000000000,0.220000000000
1387389526,159000.000000000000,0.320000000000
1387389551,159000.000000000000,0.030000000000
1387389590,159000.000000000000,0.110000000000
1387389592,159000.000000000000,0.030000000000
1387389604,159000.000000000000,0.090000000000
1387389619,159000.000000000000,0.010000000000
1387389619,159000.000000000000,0.040000000000
1387389735,159000.000000000000,0.020000000000
1387389744,159000.000000000000,0.230000000000
1387389786,159000.000000000000,0.210000000000
1387389786,159500.000000000000,0.010000000000
1387389793,159500.000000000000,0.320000000000
1387389847,159500.000000000000,0.090000000000
1387389919,159500.000000000000,0.040000000000
1387390012,159500.000000000000,0.050000000000
1387390012,160000.000000000000,0.030000000000
1387390012,160000.000000000000,0.020000000000
1387390039,160000.000000000000,0.020000000000
1387390044,159000.000000000000,0.070000000000
1387390081,160000.000000000000,0.320000000000
1387390116,160000.000000000000,0.140000000000
1387390116,160500.000000000000,0.500000000000
1387390116,161000.000000000000,0.500000000000
1387390116,161007.000000000000,0.050000000000
1387390117,161500.000000000000,0.500000000000
1387390117,162000.000000000000,0.800000000000
1387390117,162000.000000000000,0.430000000000
1387390122,162000.000000000000,0.040000000000
1387390126,162000.000000000000,0.030000000000
1387390126,162500.000000000000,0.030000000000
1387390126,162500.000000000000,0.080000000000
1387390165,162499.000000000000,0.150000000000
1387390165,162500.000000000000,0.010000000000
1387390202,162500.000000000000,0.110000000000
1387390212,162500.000000000000,0.140000000000
1387390220,162500.000000000000,0.090000000000
1387390277,162500.000000000000,0.070000000000
1387390277,163000.000000000000,0.010000000000
1387390294,163000.000000000000,0.210000000000
1387390302,163000.000000000000,0.030000000000
1387390354,163000.000000000000,0.150000000000
1387390369,163000.000000000000,0.110000000000
1387390369,163500.000000000000,0.200000000000
1387390391,163500.000000000000,0.140000000000
1387390405,163500.000000000000,0.160000000000
1387390405,164000.000000000000,0.020000000000
1387390440,164000.000000000000,0.140000000000
1387390442,159467.000000000000,0.500000000000
1387390442,158750.000000000000,0.140000000000
1387390442,158500.000000000000,0.060000000000
1387390442,158482.000000000000,0.310000000000
1387390450,164000.000000000000,0.310000000000
1387390463,164000.000000000000,0.040000000000
1387390464,164999.000000000000,0.100000000000
1387390502,164999.000000000000,0.140000000000
1387390521,158482.000000000000,0.170000000000
1387390616,164999.000000000000,0.070000000000
1387390629,164999.000000000000,0.140000000000
1387390663,164997.000000000000,0.140000000000
1387390745,164997.000000000000,0.030000000000
1387390745,164997.000000000000,0.040000000000
1387390760,158482.000000000000,0.020000000000
1387390760,158000.000000000000,0.070000000000
1387390760,157500.000000000000,0.030000000000
1387390760,157498.000000000000,0.380000000000
1387390779,164999.000000000000,0.140000000000
1387390834,160000.000000000000,0.160000000000
1387390874,160000.000000000000,0.110000000000
1387390925,160000.000000000000,0.230000000000
1387390925,164999.000000000000,0.080000000000
1387390938,164998.000000000000,0.100000000000
1387390949,164997.000000000000,0.100000000000
1387391160,164997.000000000000,0.200000000000
1387391233,164998.000000000000,0.130000000000
1387391262,164997.000000000000,0.140000000000
1387391277,164999.000000000000,0.090000000000
1387391347,159700.000000000000,0.120000000000
1387391383,159700.000000000000,0.040000000000
1387391404,157498.000000000000,0.120000000000
1387391404,157000.000000000000,0.200000000000
1387391404,157000.000000000000,0.050000000000
1387391406,159700.000000000000,0.050000000000
1387391406,164999.000000000000,0.110000000000
1387391430,164999.000000000000,0.040000000000
1387391480,164997.000000000000,0.310000000000
1387391485,164997.000000000000,0.020000000000
1387391527,165000.000000000000,0.020000000000
1387391527,165000.000000000000,0.180000000000
1387391544,157001.000000000000,0.020000000000
1387391544,165000.000000000000,0.040000000000
1387391556,165000.000000000000,0.110000000000
1387391579,165000.000000000000,0.420000000000
1387391609,165000.000000000000,0.040000000000
1387391609,165000.000000000000,0.090000000000
1387391629,165000.000000000000,0.240000000000
1387391653,165000.000000000000,0.020000000000
1387391715,165000.000000000000,0.040000000000
1387391821,164999.000000000000,0.310000000000
1387391827,164999.000000000000,0.090000000000
1387391888,164999.000000000000,0.090000000000
1387391889,164999.000000000000,0.020000000000
1387391892,164999.000000000000,0.210000000000
1387391944,164999.000000000000,0.140000000000
1387391953,164999.000000000000,0.060000000000
1387391983,164999.000000000000,0.790000000000
1387391990,164999.000000000000,0.060000000000
1387392052,164999.000000000000,0.130000000000
1387392142,164997.000000000000,0.050000000000
1387392199,164999.000000000000,0.030000000000
1387392215,164998.000000000000,0.080000000000
1387392235,157002.000000000000,0.040000000000
1387392235,157001.000000000000,0.000000000000
1387392248,164996.000000000000,0.310000000000
1387392256,164995.000000000000,0.120000000000
1387392256,164996.000000000000,0.220000000000
1387392304,164995.000000000000,0.020000000000
1387392425,164989.000000000000,0.520000000000
1387392608,164698.000000000000,0.030000000000
1387392611,164698.000000000000,0.060000000000
1387392647,164665.000000000000,0.050000000000
1387392674,164600.000000000000,0.100000000000
1387392674,164600.000000000000,0.210000000000
1387392838,164594.000000000000,0.040000000000
1387392842,164594.000000000000,0.040000000000
1387392847,164594.000000000000,0.090000000000
1387392848,164595.000000000000,0.040000000000
1387392861,164593.000000000000,0.100000000000
1387392861,164594.000000000000,0.290000000000
1387392861,164595.000000000000,0.160000000000
1387392948,164594.000000000000,0.020000000000
1387393048,164592.000000000000,0.500000000000
1387393064,164593.000000000000,0.100000000000
1387393095,164593.000000000000,0.000000000000
1387393095,164593.000000000000,0.030000000000
1387393121,164593.000000000000,0.050000000000
1387393149,164592.000000000000,0.030000000000
1387393253,164593.000000000000,0.140000000000
1387393266,164593.000000000000,0.190000000000
1387393273,164593.000000000000,0.140000000000
1387393337,164000.000000000000,0.140000000000
1387393373,162000.000000000000,0.140000000000
1387393502,160001.000000000000,0.100000000000
1387393502,160001.000000000000,0.230000000000
1387393517,161999.000000000000,0.310000000000
1387393524,161999.000000000000,0.050000000000
1387393638,161999.000000000000,0.050000000000
1387393653,161999.000000000000,0.080000000000
1387393864,161997.000000000000,0.140000000000
1387393882,160002.000000000000,0.040000000000
1387393882,160000.000000000000,0.100000000000
1387393882,157499.000000000000,0.500000000000
1387393882,157498.000000000000,0.500000000000
1387393882,157000.000000000000,0.140000000000
1387393882,157000.000000000000,0.020000000000
1387393882,156523.000000000000,0.130000000000
1387393882,156513.000000000000,0.500000000000
1387393882,156500.000000000000,0.140000000000
1387393882,155529.000000000000,0.500000000000
1387393882,154544.000000000000,0.180000000000
1387393887,161997.000000000000,0.310000000000
1387394006,161992.000000000000,0.060000000000
1387394135,161972.000000000000,0.140000000000
1387394183,161968.000000000000,0.160000000000
1387394247,161959.000000000000,0.040000000000
1387394278,154557.000000000000,0.140000000000
1387394278,154557.000000000000,0.040000000000
1387394372,161942.000000000000,0.040000000000
1387394372,161942.000000000000,0.010000000000
1387394372,161942.000000000000,0.030000000000
1387394372,161942.000000000000,0.010000000000
1387394385,161942.000000000000,0.140000000000
1387394488,161929.000000000000,0.230000000000
1387394524,161925.000000000000,0.310000000000
1387394613,154614.000000000000,0.030000000000
1387394613,154614.000000000000,0.010000000000
1387394616,161909.000000000000,0.140000000000
1387394707,161897.000000000000,0.530000000000
1387394816,161881.000000000000,0.080000000000
1387394816,161881.000000000000,0.020000000000
1387394837,161877.000000000000,0.310000000000
1387394882,154665.000000000000,1.280000000000
1387394882,154638.000000000000,0.540000000000
1387394882,154544.000000000000,0.180000000000
1387394952,161859.000000000000,0.110000000000
1387395052,161825.000000000000,0.230000000000
1387395075,161818.000000000000,0.140000000000
1387395141,161796.000000000000,0.070000000000
1387395309,161749.000000000000,0.030000000000
1387395324,161744.000000000000,0.050000000000
1387395333,161741.000000000000,0.310000000000
1387395342,154601.000000000000,0.040000000000
1387395465,161698.000000000000,0.030000000000
1387395544,154637.000000000000,0.670000000000
1387395544,154544.000000000000,0.130000000000
1387395642,161658.000000000000,0.120000000000
1387395673,161648.000000000000,0.090000000000
1387395710,161636.000000000000,0.070000000000
1387395712,161636.000000000000,0.150000000000
1387395718,161635.000000000000,0.150000000000
1387395740,161628.000000000000,0.040000000000
1387395841,161602.000000000000,0.150000000000
1387395860,161599.000000000000,0.150000000000
1387395939,161583.000000000000,0.020000000000
1387395939,161583.000000000000,0.010000000000
1387395947,161582.000000000000,0.050000000000
1387395987,154550.000000000000,0.370000000000
1387395988,154544.000000000000,0.010000000000
1387395988,154544.000000000000,0.220000000000
1387396053,161548.000000000000,0.050000000000
1387396099,161536.000000000000,0.200000000000
1387396102,161536.000000000000,0.140000000000
1387396135,161525.000000000000,0.140000000000
1387396184,156999.000000000000,0.130000000000
1387396234,161505.000000000000,0.230000000000
1387396238,161505.000000000000,0.140000000000
1387396247,161504.000000000000,0.040000000000
1387396251,161503.000000000000,0.310000000000
1387396252,161501.000000000000,0.230000000000
1387396272,161501.000000000000,0.140000000000
1387396272,154100.000000000000,0.160000000000
1387396272,153560.000000000000,0.440000000000
1387396315,161497.000000000000,0.060000000000
1387396331,161492.000000000000,0.140000000000
1387396395,161486.000000000000,0.060000000000
1387396494,161469.000000000000,0.140000000000
1387396503,161466.000000000000,0.050000000000
1387396504,161466.000000000000,0.140000000000
1387396565,161454.000000000000,0.210000000000
1387396611,161450.000000000000,0.150000000000
1387396613,161450.000000000000,0.030000000000
1387396639,161446.000000000000,0.040000000000
1387396656,161442.000000000000,0.330000000000
1387396672,161442.000000000000,0.050000000000
1387396708,161437.000000000000,0.310000000000
1387396764,161423.000000000000,0.140000000000
1387396829,153560.000000000000,0.060000000000
1387396829,152576.000000000000,0.340000000000
1387396829,152575.000000000000,0.500000000000
1387396829,152050.000000000000,0.900000000000
1387396837,161399.000000000000,0.140000000000
1387396908,161380.000000000000,0.130000000000
1387396922,161376.000000000000,0.530000000000
1387396958,161368.000000000000,0.230000000000
1387396976,161362.000000000000,0.130000000000
1387397080,161344.000000000000,0.130000000000
1387397115,153003.000000000000,0.080000000000
1387397115,153003.000000000000,0.020000000000
1387397140,153003.000000000000,1.000000000000
1387397154,161338.000000000000,0.060000000000
1387397154,161338.000000000000,0.020000000000
1387397173,161333.000000000000,0.200000000000
1387397207,161327.000000000000,0.080000000000
1387397207,161328.000000000000,0.140000000000
1387397210,161326.000000000000,0.150000000000
1387397249,153018.000000000000,1.000000000000
1387397252,161319.000000000000,0.140000000000
1387397263,161319.000000000000,0.170000000000
1387397358,158998.000000000000,0.090000000000
1387397429,158996.000000000000,0.190000000000
1387397455,158994.000000000000,0.040000000000
1387397459,158994.000000000000,0.050000000000
1387397459,158995.000000000000,0.220000000000
1387397486,158994.000000000000,0.140000000000
1387397495,152056.000000000000,1.490000000000
1387397495,152050.000000000000,0.010000000000
1387397495,151591.000000000000,0.500000000000
1387397495,151000.000000000000,0.000000000000
1387397522,157000.000000000000,0.150000000000
1387397529,157000.000000000000,0.150000000000
1387397555,156000.000000000000,0.160000000000
1387397617,155000.000000000000,0.230000000000
1387397632,154997.000000000000,0.140000000000
1387397667,154996.000000000000,0.060000000000
1387397684,154993.000000000000,0.040000000000
1387397739,154988.000000000000,0.150000000000
1387397808,154977.000000000000,0.240000000000
1387397816,152000.000000000000,0.030000000000
1387397852,154973.000000000000,0.390000000000
1387397934,154899.000000000000,0.220000000000
1387398034,154898.000000000000,0.020000000000
1387398034,154899.000000000000,0.040000000000
1387398092,154891.000000000000,0.060000000000
1387398097,154891.000000000000,0.560000000000
1387398116,154890.000000000000,0.290000000000
1387398181,154882.000000000000,0.150000000000
1387398185,152100.000000000000,0.230000000000
1387398185,152100.000000000000,0.580000000000
1387398185,152000.000000000000,0.190000000000
1387398353,154862.000000000000,0.140000000000
1387398452,154843.000000000000,0.230000000000
1387398546,154828.000000000000,0.060000000000
1387398665,154801.000000000000,0.230000000000
1387398703,154797.000000000000,0.060000000000
1387398718,154792.000000000000,0.020000000000
1387398718,154793.000000000000,0.180000000000
1387398730,154789.000000000000,0.030000000000
1387398814,154772.000000000000,0.160000000000
1387398855,151000.000000000000,0.150000000000
1387398855,151000.000000000000,0.040000000000
1387398855,150607.000000000000,0.310000000000
1387398875,154764.000000000000,0.020000000000
1387398935,150607.000000000000,0.270000000000
1387398935,150606.000000000000,0.500000000000
1387398948,154756.000000000000,0.220000000000
1387398950,154756.000000000000,0.280000000000
1387398968,154755.000000000000,0.040000000000
1387399005,154751.000000000000,0.230000000000
1387399014,149900.000000000000,0.090000000000
1387399014,149900.000000000000,0.030000000000
1387399014,149754.000000000000,0.000000000000
1387399066,152752.000000000000,0.020000000000
1387399067,152752.000000000000,0.020000000000
1387399067,153751.000000000000,0.130000000000
1387399072,153751.000000000000,0.100000000000
1387399076,153751.000000000000,0.150000000000
1387399150,152752.000000000000,0.020000000000
1387399150,153752.000000000000,0.020000000000
1387399163,153752.000000000000,0.000000000000
1387399163,154744.000000000000,0.320000000000
1387399249,154744.000000000000,0.030000000000
1387399438,154744.000000000000,0.020000000000
1387399438,154758.000000000000,0.020000000000
1387399438,154767.000000000000,0.020000000000
1387399438,154776.000000000000,0.020000000000
1387399438,154784.000000000000,0.020000000000
1387399438,154799.000000000000,0.020000000000
1387399438,154804.000000000000,0.020000000000
1387399438,154812.000000000000,0.020000000000
1387399438,154816.000000000000,0.020000000000
1387399438,154820.000000000000,0.020000000000
1387399492,154820.000000000000,0.000000000000
1387399492,154824.000000000000,0.020000000000
1387399492,154832.000000000000,0.020000000000
1387399492,154837.000000000000,0.020000000000
1387399492,154841.000000000000,0.020000000000
1387399492,154845.000000000000,0.020000000000
1387399492,154850.000000000000,0.010000000000
1387399512,154850.000000000000,0.010000000000
1387399512,154900.000000000000,0.070000000000
1387399570,150642.000000000000,0.440000000000
1387399612,154900.000000000000,0.220000000000
1387399614,154900.000000000000,0.150000000000
1387399624,154900.000000000000,0.040000000000
1387399625,154900.000000000000,0.070000000000
1387399637,154900.000000000000,0.150000000000
1387399667,154900.000000000000,0.220000000000
1387399711,154900.000000000000,0.050000000000
1387399734,150660.000000000000,0.080000000000
1387399827,154900.000000000000,0.020000000000
1387399925,154900.000000000000,0.050000000000
1387399995,154899.000000000000,0.120000000000
1387400032,154899.000000000000,0.150000000000
1387400040,150708.000000000000,0.030000000000
1387400070,154899.000000000000,0.030000000000
1387400099,150711.000000000000,0.050000000000
1387400142,154897.000000000000,0.030000000000
1387400142,154899.000000000000,0.200000000000
1387400142,154900.000000000000,0.540000000000
1387400149,154744.000000000000,0.150000000000
1387400149,153000.000000000000,0.050000000000
1387400149,154900.000000000000,0.090000000000
1387400192,154900.000000000000,0.040000000000
1387400211,154900.000000000000,0.070000000000
1387400211,154900.000000000000,0.020000000000
1387400211,154994.000000000000,0.230000000000
1387400226,154994.000000000000,0.050000000000
1387400272,154994.000000000000,0.030000000000
1387400300,154994.000000000000,0.050000000000
1387400300,155000.000000000000,0.000000000000
1387400335,155000.000000000000,0.270000000000
1387400335,155000.000000000000,0.020000000000
1387400335,156000.000000000000,0.300000000000
1387400390,156000.000000000000,0.040000000000
1387400429,156000.000000000000,0.010000000000
1387400429,156999.000000000000,0.050000000000
1387400479,156999.000000000000,0.220000000000
1387400498,156999.000000000000,0.210000000000
1387400728,156995.000000000000,0.050000000000
1387400728,156997.000000000000,0.040000000000
1387400730,150832.000000000000,0.400000000000
1387400730,150831.000000000000,1.600000000000
1387400786,156997.000000000000,0.220000000000
1387401164,156998.000000000000,0.110000000000
1387401170,156998.000000000000,0.290000000000
1387401170,157000.000000000000,0.180000000000
1387401172,151592.000000000000,0.070000000000
1387401298,157000.000000000000,0.020000000000
1387401369,157000.000000000000,0.310000000000
1387401372,157999.000000000000,0.230000000000
1387401397,157999.000000000000,0.020000000000
1387401397,157999.000000000000,0.010000000000
1387401498,157999.000000000000,0.140000000000
1387401511,157999.000000000000,0.180000000000
1387401535,157993.000000000000,0.210000000000
1387401569,157992.000000000000,0.150000000000
1387401829,157992.000000000000,0.130000000000
1387401861,157992.000000000000,0.140000000000
1387401913,157992.000000000000,0.150000000000
1387402121,157992.000000000000,0.140000000000
1387402183,157992.000000000000,0.070000000000
1387402258,152575.000000000000,0.500000000000
1387402258,151592.000000000000,0.430000000000
1387402258,151591.000000000000,0.500000000000
1387402258,150747.000000000000,0.570000000000
1387402297,150751.000000000000,0.020000000000
1387402297,150751.000000000000,0.010000000000
1387402375,157990.000000000000,0.140000000000
1387402409,157989.000000000000,0.140000000000
1387402499,157988.000000000000,0.140000000000
1387402610,157000.000000000000,0.020000000000
1387402611,157000.000000000000,0.010000000000
1387402636,157000.000000000000,0.220000000000
1387402644,157000.000000000000,0.070000000000
1387402677,157000.000000000000,0.190000000000
1387402829,157000.000000000000,0.080000000000
1387402885,156997.000000000000,0.210000000000
1387402888,156997.000000000000,0.130000000000
1387402919,156997.000000000000,0.660000000000
1387402919,157000.000000000000,0.020000000000
1387402919,157000.000000000000,0.300000000000
1387402919,157992.000000000000,0.010000000000
1387402962,157988.000000000000,0.020000000000
1387402978,156997.000000000000,1.000000000000
1387402978,157000.000000000000,0.070000000000
1387402994,157000.000000000000,0.070000000000
1387403001,157000.000000000000,0.220000000000
1387403034,157000.000000000000,0.140000000000
1387403105,156000.000000000000,0.110000000000
1387403141,156000.000000000000,0.190000000000
1387403141,157000.000000000000,0.000000000000
1387403141,157000.000000000000,0.040000000000
1387403275,157000.000000000000,0.080000000000
1387403292,157000.000000000000,0.090000000000
1387403295,157000.000000000000,0.060000000000
1387403345,155000.000000000000,0.030000000000
1387403345,151592.000000000000,0.170000000000
1387403345,151591.000000000000,0.500000000000
1387403346,150785.000000000000,0.280000000000
1387403396,157000.000000000000,0.150000000000
1387403396,157000.000000000000,0.060000000000
1387403458,157000.000000000000,0.020000000000
1387403534,157000.000000000000,0.010000000000
1387403534,157987.000000000000,0.130000000000
1387403551,157000.000000000000,0.170000000000
1387403552,157000.000000000000,0.070000000000
1387403623,156000.000000000000,0.070000000000
1387403655,156000.000000000000,0.050000000000
1387403680,155999.000000000000,0.040000000000
1387403721,156000.000000000000,0.210000000000
1387403721,156997.000000000000,0.340000000000
1387403952,156000.000000000000,0.040000000000
1387404011,156000.000000000000,0.220000000000
1387404124,156000.000000000000,0.040000000000
1387404124,156973.000000000000,0.030000000000
1387404141,156973.000000000000,0.060000000000
1387404262,155999.000000000000,0.100000000000
1387404262,156000.000000000000,0.220000000000
1387404279,156000.000000000000,0.080000000000
1387404279,156947.000000000000,0.070000000000
1387404300,156930.000000000000,0.090000000000
1387404304,156930.000000000000,0.010000000000
1387404304,156944.000000000000,0.130000000000
1387404307,156944.000000000000,0.020000000000
1387404320,156930.000000000000,0.100000000000
1387404320,156944.000000000000,0.120000000000
1387404327,156944.000000000000,0.140000000000
1387404446,156000.000000000000,0.150000000000
1387404493,153000.000000000000,0.020000000000
1387404493,152001.000000000000,0.260000000000
1387404493,152000.000000000000,0.020000000000
1387404493,151272.000000000000,0.700000000000
1387404497,156000.000000000000,0.100000000000
1387404590,154999.000000000000,0.070000000000
1387404613,154997.000000000000,0.260000000000
1387404613,154999.000000000000,0.060000000000
1387404652,151295.000000000000,0.230000000000
1387404727,154999.000000000000,0.170000000000
1387404727,155007.000000000000,0.050000000000
1387404727,155999.000000000000,0.950000000000
1387404779,151312.000000000000,0.300000000000
1387404779,151311.000000000000,1.700000000000
1387404795,155000.000000000000,0.300000000000
1387404795,155999.000000000000,0.100000000000
1387404811,155997.000000000000,0.070000000000
1387404815,155997.000000000000,0.230000000000
1387404815,155999.000000000000,0.090000000000
1387404832,155999.000000000000,0.150000000000
1387404966,156004.000000000000,0.070000000000
1387404980,156004.000000000000,0.150000000000
1387405018,156000.000000000000,0.030000000000
1387405062,156000.000000000000,0.210000000000
1387405139,156000.000000000000,0.020000000000
1387405244,155999.000000000000,0.220000000000
1387405317,155000.000000000000,0.200000000000
1387405353,155000.000000000000,0.040000000000
1387405429,155000.000000000000,0.050000000000
1387405429,156004.000000000000,0.090000000000
1387405590,155000.000000000000,0.080000000000
1387405727,154000.000000000000,0.200000000000
1387405727,155000.000000000000,0.030000000000
1387405764,155000.000000000000,0.070000000000
1387405808,155000.000000000000,0.070000000000
1387405834,155000.000000000000,0.040000000000
1387405834,156990.000000000000,0.100000000000
1387405834,156991.000000000000,0.220000000000
1387405882,156993.000000000000,0.100000000000
1387405882,156994.000000000000,0.030000000000
1387405962,156992.000000000000,0.320000000000
1387405987,156000.000000000000,0.070000000000
1387406031,156000.000000000000,0.150000000000
1387406084,156000.000000000000,0.090000000000
1387406084,156994.000000000000,0.010000000000
1387406131,156992.000000000000,0.100000000000
1387406131,156993.000000000000,0.130000000000
1387406140,157000.000000000000,0.140000000000
1387406148,157000.000000000000,0.030000000000
1387406175,156993.000000000000,0.080000000000
1387406211,156993.000000000000,0.150000000000
1387406226,154000.000000000000,0.060000000000
1387406265,156993.000000000000,0.220000000000
1387406276,156993.000000000000,0.180000000000
1387406276,156993.000000000000,0.190000000000
1387406307,156993.000000000000,0.150000000000
1387406321,156993.000000000000,0.170000000000
1387406352,154000.000000000000,0.010000000000
1387406352,151612.000000000000,0.150000000000
1387406417,156993.000000000000,0.150000000000
1387406523,156991.000000000000,0.120000000000
1387406523,156992.000000000000,0.020000000000
1387406619,156992.000000000000,0.040000000000
1387406646,156992.000000000000,0.110000000000
1387406681,156992.000000000000,0.110000000000
1387406750,156993.000000000000,0.110000000000
1387406776,156992.000000000000,0.560000000000
1387406837,156993.000000000000,0.110000000000
1387406874,156992.000000000000,0.150000000000
1387406935,156993.000000000000,0.020000000000
1387406965,156992.000000000000,0.040000000000
1387407042,156991.000000000000,0.100000000000
1387407042,156992.000000000000,0.120000000000
1387407052,156992.000000000000,0.030000000000
1387407101,156993.000000000000,0.040000000000
1387407128,156992.000000000000,0.030000000000
1387407129,156992.000000000000,0.140000000000
1387407165,156993.000000000000,0.080000000000
1387407165,156994.000000000000,0.060000000000
1387407170,156993.000000000000,0.140000000000
1387407174,156990.000000000000,0.050000000000
1387407285,155500.000000000000,0.020000000000
1387407285,151746.000000000000,0.020000000000
1387407329,156919.000000000000,0.030000000000
1387407350,156919.000000000000,0.140000000000
1387407389,156900.000000000000,0.080000000000
1387407579,156699.000000000000,0.550000000000
1387407638,156689.000000000000,0.220000000000
1387407653,156689.000000000000,0.150000000000
1387407678,156600.000000000000,0.050000000000
1387407758,156599.000000000000,0.140000000000
1387407799,151821.000000000000,0.130000000000
1387407799,151821.000000000000,0.030000000000
1387407848,156599.000000000000,0.030000000000
1387407848,156599.000000000000,0.010000000000
1387407864,156599.000000000000,0.020000000000
1387407892,156599.000000000000,0.030000000000
1387407892,156599.000000000000,0.010000000000
1387407961,156399.000000000000,0.030000000000
1387407992,156399.000000000000,0.030000000000
1387407993,156399.000000000000,0.020000000000
1387408320,156689.000000000000,0.120000000000
1387408320,156689.000000000000,0.020000000000
1387408406,156688.000000000000,0.030000000000
1387408406,156688.000000000000,0.120000000000
1387408406,156690.000000000000,0.070000000000
1387408472,152800.000000000000,0.150000000000
1387408472,151950.000000000000,0.130000000000
1387408472,151726.000000000000,0.720000000000
1387408515,151714.000000000000,0.050000000000
1387408515,151591.000000000000,0.500000000000
1387408515,150606.000000000000,0.450000000000
1387408519,155986.000000000000,0.020000000000
1387408519,155986.000000000000,0.010000000000
1387408610,152221.000000000000,0.030000000000
1387408695,150606.000000000000,0.050000000000
1387408713,150900.000000000000,0.200000000000
1387408988,152499.000000000000,0.220000000000
1387409017,152000.000000000000,0.110000000000
1387409017,155980.000000000000,0.070000000000
1387409063,154500.000000000000,0.350000000000
1387409145,154500.000000000000,0.050000000000
1387409145,155980.000000000000,0.170000000000
1387409160,155980.000000000000,0.220000000000
1387409189,155980.000000000000,0.220000000000
1387409202,155980.000000000000,0.030000000000
1387409222,155980.000000000000,0.040000000000
1387409358,156688.000000000000,0.100000000000
1387409358,156689.000000000000,0.030000000000
1387409432,156689.000000000000,0.150000000000
1387409478,150606.000000000000,0.000000000000
1387409481,150000.000000000000,0.090000000000
1387409493,149622.000000000000,0.500000000000
1387409510,148638.000000000000,0.500000000000
1387409620,149000.000000000000,0.230000000000
1387409696,147653.000000000000,0.500000000000
1387409697,147000.000000000000,0.020000000000
1387409717,147000.000000000000,0.160000000000
1387409792,147000.000000000000,0.070000000000
1387409883,147000.000000000000,0.580000000000
1387409947,147000.000000000000,0.150000000000
1387409974,147000.000000000000,0.020000000000
1387409979,147000.000000000000,0.190000000000
1387409996,147000.000000000000,0.030000000000
1387409998,147000.000000000000,0.030000000000
1387410031,147000.000000000000,0.610000000000
1387410041,146669.000000000000,0.200000000000
1387410070,147000.000000000000,0.150000000000
1387410071,147000.000000000000,0.080000000000
1387410121,147000.000000000000,0.120000000000
1387410161,147000.000000000000,0.160000000000
1387410240,147000.000000000000,0.100000000000
1387410293,147000.000000000000,0.030000000000
1387410297,147000.000000000000,0.060000000000
1387410312,147000.000000000000,0.080000000000
1387410345,147000.000000000000,0.050000000000
1387410571,147000.000000000000,0.030000000000
1387410628,147000.000000000000,0.500000000000
1387410764,147000.000000000000,0.240000000000
1387410773,146669.000000000000,0.300000000000
1387410773,145684.000000000000,0.500000000000
1387410773,145000.000000000000,0.040000000000
1387410773,144700.000000000000,0.500000000000
1387410773,143715.000000000000,0.500000000000
1387410773,142731.000000000000,0.160000000000
1387410905,147000.000000000000,0.050000000000
1387410905,149000.000000000000,0.030000000000
1387410956,149000.000000000000,0.150000000000
1387411092,149000.000000000000,0.090000000000
1387411092,150000.000000000000,0.150000000000
1387411121,150000.000000000000,0.160000000000
1387411159,150000.000000000000,0.030000000000
1387411267,143001.000000000000,0.020000000000
1387411267,143001.000000000000,0.010000000000
1387411309,150000.000000000000,0.150000000000
1387411529,149999.000000000000,0.100000000000
1387411529,150000.000000000000,0.050000000000
1387411608,150000.000000000000,0.020000000000
1387411615,150000.000000000000,0.150000000000
1387411627,150000.000000000000,0.200000000000
1387411627,153000.000000000000,0.360000000000
1387411683,152999.000000000000,0.160000000000
1387411849,150000.000000000000,0.160000000000
1387411929,150000.000000000000,0.020000000000
1387411929,150000.000000000000,0.010000000000
1387411933,150000.000000000000,0.020000000000
1387411939,150000.000000000000,0.030000000000
1387411951,150000.000000000000,0.100000000000
1387412012,150000.000000000000,0.160000000000
1387412108,150000.000000000000,0.030000000000
1387412108,152899.000000000000,0.100000000000
1387412108,152900.000000000000,0.020000000000
1387412154,152900.000000000000,0.030000000000
1387412381,152900.000000000000,0.090000000000
1387412381,153000.000000000000,0.070000000000
1387412415,153000.000000000000,0.070000000000
1387412464,152500.000000000000,0.140000000000
1387412464,153000.000000000000,0.020000000000
1387412575,153000.000000000000,0.150000000000
1387412636,152999.000000000000,0.150000000000
1387412645,152999.000000000000,0.040000000000
1387412696,152999.000000000000,0.020000000000
1387412709,152999.000000000000,0.150000000000
1387412732,152999.000000000000,0.430000000000
1387412803,151000.000000000000,0.150000000000
1387412892,149000.000000000000,0.210000000000
1387412918,149000.000000000000,0.050000000000
1387412928,149000.000000000000,0.060000000000
1387413025,149000.000000000000,0.410000000000
1387413073,149000.000000000000,0.150000000000
1387413121,149000.000000000000,0.150000000000
1387413266,149000.000000000000,0.050000000000
1387413324,149000.000000000000,0.120000000000
1387413423,149000.000000000000,0.030000000000
1387413475,149000.000000000000,0.150000000000
1387413579,148000.000000000000,0.070000000000
1387413591,144000.000000000000,0.030000000000
1387413591,142731.000000000000,0.340000000000
1387413591,141746.000000000000,0.500000000000
1387413659,148000.000000000000,0.150000000000
1387413681,141746.000000000000,0.000000000000
1387413681,141503.000000000000,0.080000000000
1387413681,141502.000000000000,0.110000000000
1387413681,141001.000000000000,0.460000000000
1387413681,141000.000000000000,0.720000000000
1387413681,140900.000000000000,0.460000000000
1387413681,140762.000000000000,0.500000000000
1387413681,140501.000000000000,0.400000000000
1387413681,140002.000000000000,0.090000000000
1387413681,140001.000000000000,0.600000000000
1387413681,140000.000000000000,0.020000000000
1387413681,140000.000000000000,0.160000000000
1387413681,140000.000000000000,2.490000000000
1387413849,147989.000000000000,0.270000000000
1387413901,147989.000000000000,0.200000000000
1387413911,147989.000000000000,0.080000000000
1387413911,147990.000000000000,0.070000000000
1387413921,147990.000000000000,0.150000000000
1387413976,147990.000000000000,0.170000000000
1387413984,147990.000000000000,0.150000000000
1387414068,147990.000000000000,0.070000000000
1387414104,140005.000000000000,0.280000000000
1387414104,140004.000000000000,0.400000000000
1387414104,140001.000000000000,0.220000000000
1387414104,140000.000000000000,1.100000000000
1387414114,140000.000000000000,1.410000000000
1387414190,140000.000000000000,0.080000000000
1387414427,139999.000000000000,0.110000000000
1387414519,139777.000000000000,0.030000000000
1387414519,139999.000000000000,0.160000000000
1387414521,139999.000000000000,0.160000000000
1387414521,140000.000000000000,0.510000000000
1387414568,147989.000000000000,0.080000000000
1387414568,147990.000000000000,0.060000000000
1387414636,147990.000000000000,0.040000000000
1387414649,147990.000000000000,0.030000000000
1387414747,147989.000000000000,0.230000000000
1387414855,140001.000000000000,0.040000000000
1387415116,146494.000000000000,0.040000000000
1387415116,146495.000000000000,0.050000000000
1387415121,146495.000000000000,0.090000000000
1387415144,146495.000000000000,0.090000000000
1387415183,140001.000000000000,0.150000000000
1387415183,140001.000000000000,0.040000000000
1387415187,146495.000000000000,0.020000000000
1387415187,146498.000000000000,0.060000000000
1387415187,146498.000000000000,0.010000000000
1387415257,146498.000000000000,0.070000000000
1387415257,146498.000000000000,0.080000000000
1387415275,146498.000000000000,0.010000000000
1387415275,146500.000000000000,0.580000000000
1387415388,146500.000000000000,0.080000000000
1387415388,147989.000000000000,0.070000000000
1387415397,147989.000000000000,0.090000000000
1387415534,147989.000000000000,0.040000000000
1387415831,147987.000000000000,0.040000000000
1387415835,146499.000000000000,0.020000000000
1387415973,147985.000000000000,0.100000000000
1387415973,147986.000000000000,0.110000000000
1387416026,147985.000000000000,0.100000000000
1387416026,147986.000000000000,0.130000000000
1387416039,147986.000000000000,0.160000000000
1387416169,147986.000000000000,0.240000000000
1387416453,147987.000000000000,0.160000000000
1387416464,147987.000000000000,0.180000000000
1387416481,147988.000000000000,0.060000000000
1387416499,147988.000000000000,0.040000000000
1387416499,147990.000000000000,0.110000000000
1387416676,143101.000000000000,0.020000000000
1387416677,143100.000000000000,1.750000000000
1387416783,139777.000000000000,0.470000000000
1387416783,138793.000000000000,0.070000000000
1387416788,143000.000000000000,0.160000000000
1387416898,143000.000000000000,0.050000000000
1387416898,147000.000000000000,0.070000000000
1387416955,146999.000000000000,0.100000000000
1387416955,147000.000000000000,0.070000000000
1387417234,146999.000000000000,0.100000000000
1387417234,147000.000000000000,0.050000000000
1387417321,146999.000000000000,0.100000000000
1387417321,147000.000000000000,0.050000000000
1387417493,147000.000000000000,0.050000000000
1387417516,147000.000000000000,0.150000000000
1387417625,146999.000000000000,0.100000000000
1387417625,147000.000000000000,0.200000000000
1387417694,147000.000000000000,0.150000000000
1387417711,147000.000000000000,0.250000000000
1387417712,147000.000000000000,0.020000000000
1387417712,147000.000000000000,0.010000000000
1387417801,147000.000000000000,0.040000000000
1387417812,147000.000000000000,0.020000000000
1387417853,147000.000000000000,0.220000000000
1387417853,147000.000000000000,0.150000000000
1387417989,147000.000000000000,0.230000000000
1387418033,146999.000000000000,0.060000000000
1387418136,147000.000000000000,0.040000000000
1387418136,147988.000000000000,0.020000000000
1387418189,147988.000000000000,0.160000000000
1387418264,147988.000000000000,0.160000000000
1387418365,147988.000000000000,0.120000000000
1387418383,147988.000000000000,0.210000000000
1387418392,147988.000000000000,0.150000000000
1387418425,147988.000000000000,0.150000000000
1387418460,147988.000000000000,0.040000000000
1387418517,147987.000000000000,0.100000000000
1387418517,147988.000000000000,0.050000000000
1387418593,145000.000000000000,0.030000000000
1387418651,145000.000000000000,0.030000000000
1387418670,145000.000000000000,0.160000000000
1387418723,145000.000000000000,0.130000000000
1387418741,145000.000000000000,0.150000000000
1387418939,145000.000000000000,0.070000000000
1387418940,145000.000000000000,0.250000000000
1387418965,145000.000000000000,0.160000000000
1387419257,145000.000000000000,0.020000000000
1387419257,147989.000000000000,0.100000000000
1387419257,147990.000000000000,0.030000000000
1387419296,147990.000000000000,0.030000000000
1387419356,147990.000000000000,0.160000000000
1387419356,147990.000000000000,0.160000000000
1387419363,147989.000000000000,0.100000000000
1387419363,147990.000000000000,0.020000000000
1387419491,147989.000000000000,0.060000000000
1387419590,147989.000000000000,0.030000000000
1387419590,147990.000000000000,0.120000000000
1387419620,147990.000000000000,0.100000000000
1387419749,147990.000000000000,0.150000000000
1387419940,147987.000000000000,0.230000000000
1387420148,147987.000000000000,0.150000000000
1387420200,147987.000000000000,0.620000000000
1387420200,147990.000000000000,0.000000000000
1387420213,147990.000000000000,0.090000000000
1387420213,148000.000000000000,0.060000000000
1387420225,148000.000000000000,0.080000000000
1387420243,148000.000000000000,0.030000000000
1387420246,148000.000000000000,0.150000000000
1387420276,148000.000000000000,0.120000000000
1387420308,148000.000000000000,0.120000000000
1387420388,147997.000000000000,0.090000000000
1387420565,147987.000000000000,0.150000000000
1387420621,148000.000000000000,0.160000000000
1387420736,148000.000000000000,0.040000000000
1387420736,152955.000000000000,0.190000000000
1387420861,150000.000000000000,0.070000000000
1387420919,147997.000000000000,0.150000000000
1387420919,147987.000000000000,0.000000000000
1387420934,149999.000000000000,0.030000000000
1387420987,149996.000000000000,0.340000000000
1387421010,149996.000000000000,0.030000000000
1387421096,149996.000000000000,0.040000000000
1387421136,149992.000000000000,0.150000000000
1387421162,147000.000000000000,0.060000000000
1387421163,147000.000000000000,0.220000000000
1387421489,146999.000000000000,0.100000000000
1387421489,147000.000000000000,0.110000000000
1387421508,147000.000000000000,0.050000000000
1387421622,146999.000000000000,0.100000000000
1387421666,143000.000000000000,0.200000000000
1387421666,142062.000000000000,1.800000000000
1387421681,142066.000000000000,0.200000000000
1387421681,142065.000000000000,0.290000000000
1387421686,142065.000000000000,0.150000000000
1387421729,140501.000000000000,1.000000000000
1387421732,140501.000000000000,0.500000000000
1387421860,146995.000000000000,0.030000000000
1387421861,146995.000000000000,0.230000000000
1387421919,146992.000000000000,0.110000000000
1387421929,141500.000000000000,0.190000000000
1387421932,141500.000000000000,0.130000000000
1387421947,140451.000000000000,0.170000000000
1387421963,140450.000000000000,0.240000000000
1387422031,145000.000000000000,0.030000000000
1387422087,144999.000000000000,0.020000000000
1387422096,144999.000000000000,0.330000000000
1387422109,144999.000000000000,0.040000000000
1387422114,144999.000000000000,0.240000000000
1387422114,145000.000000000000,0.000000000000
1387422168,138797.000000000000,0.100000000000
1387422286,144996.000000000000,0.100000000000
1387422286,144997.000000000000,0.030000000000
1387422307,143000.000000000000,0.060000000000
1387422391,143000.000000000000,0.110000000000
1387422556,143000.000000000000,0.090000000000
1387422623,143000.000000000000,0.220000000000
1387422623,145000.000000000000,0.030000000000
1387422666,145000.000000000000,0.240000000000
1387422686,145000.000000000000,0.240000000000
1387422822,145000.000000000000,0.120000000000
1387422836,145000.000000000000,0.150000000000
1387423037,145000.000000000000,0.090000000000
1387423073,149976.000000000000,0.120000000000
1387423211,148000.000000000000,0.100000000000
1387423360,148000.000000000000,0.020000000000
1387423405,148000.000000000000,0.040000000000
1387423560,148000.000000000000,0.130000000000
1387423677,148000.000000000000,0.150000000000
1387423797,148000.000000000000,0.150000000000
1387423934,148000.000000000000,0.220000000000
1387423934,148000.000000000000,0.010000000000
1387423965,148000.000000000000,0.150000000000
1387423972,148000.000000000000,0.190000000000
1387424046,148000.000000000000,0.150000000000
1387424046,149976.000000000000,0.000000000000
1387424183,147999.000000000000,0.230000000000
1387424367,147000.000000000000,0.020000000000
1387424369,147000.000000000000,0.230000000000
1387424391,147000.000000000000,0.070000000000
1387424402,147000.000000000000,0.120000000000
1387424457,147000.000000000000,0.050000000000
1387424457,147999.000000000000,0.020000000000
1387424521,147999.000000000000,0.080000000000
1387424681,147000.000000000000,0.050000000000
1387424970,147000.000000000000,0.030000000000
1387425113,147000.000000000000,0.230000000000
1387425153,146990.000000000000,0.030000000000
1387425162,147000.000000000000,0.150000000000
1387425182,147000.000000000000,0.030000000000
1387425182,148000.000000000000,0.060000000000
1387425210,148000.000000000000,0.150000000000
1387425261,148000.000000000000,0.160000000000
1387425376,148000.000000000000,0.220000000000
1387425377,138809.000000000000,0.690000000000
1387425377,138808.000000000000,1.000000000000
1387425377,138803.000000000000,0.310000000000
1387425377,138802.000000000000,0.000000000000
1387425529,138802.000000000000,0.130000000000
1387425545,147999.000000000000,0.150000000000
1387425566,147999.000000000000,0.040000000000
1387425577,138802.000000000000,0.250000000000
1387425577,138797.000000000000,0.020000000000
1387425577,138797.000000000000,0.030000000000
1387425577,138796.000000000000,0.110000000000
1387425580,147999.000000000000,0.150000000000
1387425627,147999.000000000000,0.150000000000
1387425774,138802.000000000000,0.100000000000
1387425798,147999.000000000000,0.160000000000
1387425840,147999.000000000000,0.230000000000
1387426401,152995.000000000000,0.070000000000
1387426641,151999.000000000000,0.140000000000
1387426641,152000.000000000000,0.010000000000
1387426683,152000.000000000000,0.330000000000
1387426741,152000.000000000000,0.030000000000
1387426759,152000.000000000000,0.130000000000
1387426759,152995.000000000000,0.010000000000
1387426839,152000.000000000000,0.060000000000
1387426869,152000.000000000000,0.170000000000
1387427113,152000.000000000000,0.150000000000
1387427169,152000.000000000000,0.030000000000
1387427312,152000.000000000000,0.150000000000
1387427421,152000.000000000000,0.020000000000
1387427421,152000.000000000000,0.010000000000
1387427445,140003.000000000000,0.040000000000
1387427567,151996.000000000000,0.020000000000
1387427567,151997.000000000000,0.040000000000
1387427567,151999.000000000000,0.020000000000
1387427611,151999.000000000000,0.080000000000
1387427611,152000.000000000000,0.210000000000
1387427675,151999.000000000000,0.100000000000
1387427675,152000.000000000000,0.030000000000
1387427816,152000.000000000000,0.220000000000
1387427859,152000.000000000000,0.160000000000
1387427870,152000.000000000000,0.030000000000
1387427897,152000.000000000000,0.220000000000
1387427924,152000.000000000000,0.150000000000
1387428282,151996.000000000000,0.080000000000
1387428363,151996.000000000000,0.220000000000
1387428405,151996.000000000000,0.170000000000
1387428837,150000.000000000000,0.180000000000
1387428957,150000.000000000000,0.150000000000
1387429044,150000.000000000000,0.060000000000
1387429065,150000.000000000000,0.030000000000
1387429497,148000.000000000000,0.070000000000
1387429612,148000.000000000000,0.080000000000
1387429653,148000.000000000000,0.140000000000
1387429653,149000.000000000000,0.090000000000
1387429871,149000.000000000000,0.190000000000
1387429886,148000.000000000000,0.140000000000
1387430122,148000.000000000000,0.120000000000
1387430178,148000.000000000000,0.040000000000
1387430478,148000.000000000000,0.150000000000
1387430484,140704.000000000000,0.450000000000
1387430484,140702.000000000000,0.310000000000
1387430484,140529.000000000000,0.110000000000
1387430484,140528.000000000000,0.130000000000
1387430484,140411.000000000000,0.070000000000
1387430484,140410.000000000000,0.240000000000
1387430484,140400.000000000000,0.020000000000
1387430484,140042.000000000000,0.150000000000
1387430484,140004.000000000000,0.100000000000
1387430484,140002.000000000000,0.510000000000
1387430507,147999.000000000000,0.040000000000
1387430629,147999.000000000000,0.110000000000
1387430634,147999.000000000000,0.030000000000
1387430677,147999.000000000000,0.110000000000
1387430677,148000.000000000000,0.050000000000
1387430980,148999.000000000000,0.110000000000
1387431102,148999.000000000000,0.130000000000
1387431102,149000.000000000000,0.030000000000
1387431320,149000.000000000000,0.130000000000
1387431428,149000.000000000000,0.140000000000
1387431428,149998.000000000000,0.010000000000
1387431693,149998.000000000000,0.060000000000
1387431977,149998.000000000000,0.020000000000
1387431977,150000.000000000000,0.100000000000
1387432053,149997.000000000000,0.140000000000
1387432157,149996.000000000000,0.230000000000
1387432280,149993.000000000000,0.070000000000
1387432311,149993.000000000000,0.110000000000
1387432314,149993.000000000000,0.090000000000
1387432396,149993.000000000000,0.150000000000
1387432622,149993.000000000000,0.060000000000
1387432634,149993.000000000000,0.120000000000
1387432684,149993.000000000000,0.040000000000
1387432689,149993.000000000000,0.050000000000
1387432698,149993.000000000000,0.060000000000
1387432747,149993.000000000000,0.150000000000
1387432751,149993.000000000000,0.100000000000
1387432761,150000.000000000000,0.440000000000
1387432827,149997.000000000000,0.160000000000
1387432885,149997.000000000000,0.030000000000
1387432963,149993.000000000000,0.030000000000
1387432996,149992.000000000000,0.120000000000
1387433052,149989.000000000000,0.150000000000
1387433187,149989.000000000000,0.070000000000
1387433222,149989.000000000000,0.150000000000
1387433223,149989.000000000000,0.070000000000
1387433249,149989.000000000000,0.110000000000
1387433338,149989.000000000000,0.150000000000
1387433341,149989.000000000000,0.200000000000
1387433388,149989.000000000000,0.070000000000
1387433456,149989.000000000000,0.030000000000
1387433456,149997.000000000000,0.000000000000
1387433503,149994.000000000000,0.230000000000
1387433520,149994.000000000000,0.130000000000
1387433610,150000.000000000000,0.050000000000
1387433640,150000.000000000000,0.010000000000
1387433640,152990.000000000000,0.880000000000
1387433783,152990.000000000000,0.120000000000
1387433783,152993.000000000000,0.010000000000
1387433824,152993.000000000000,0.020000000000
1387433848,152993.000000000000,0.070000000000
1387433848,152994.000000000000,0.170000000000
1387433974,152991.000000000000,0.030000000000
1387434088,152991.000000000000,0.130000000000
1387434145,152991.000000000000,0.130000000000
1387434419,153000.000000000000,0.150000000000
1387434449,153000.000000000000,0.140000000000
1387434543,153000.000000000000,0.150000000000
1387434674,153000.000000000000,0.130000000000
1387434825,153000.000000000000,0.120000000000
1387434882,153000.000000000000,0.080000000000
1387434883,153000.000000000000,0.160000000000
1387434964,153000.000000000000,0.150000000000
1387435052,153000.000000000000,0.120000000000
1387435195,153000.000000000000,1.260000000000
1387435195,153000.000000000000,1.910000000000
1387435196,154000.000000000000,0.330000000000
1387435260,154000.000000000000,0.130000000000
1387435313,154000.000000000000,0.040000000000
1387435313,154000.000000000000,0.080000000000
1387435360,154000.000000000000,0.070000000000
1387435415,154000.000000000000,0.200000000000
1387435498,154000.000000000000,0.060000000000
1387435500,154000.000000000000,0.100000000000
1387435556,154000.000000000000,0.500000000000
1387435627,154994.000000000000,0.100000000000
1387435631,154994.000000000000,0.220000000000
1387435640,154994.000000000000,0.150000000000
1387435738,154994.000000000000,0.120000000000
1387435791,154994.000000000000,0.220000000000
1387435834,154994.000000000000,0.130000000000
1387435844,154994.000000000000,0.080000000000
1387435844,155000.000000000000,0.010000000000
1387435857,155000.000000000000,0.010000000000
1387435857,155000.000000000000,0.130000000000
1387435929,154000.000000000000,0.010000000000
1387436028,154000.000000000000,0.080000000000
1387436177,154000.000000000000,0.100000000000
1387436243,154000.000000000000,0.110000000000
1387436262,154000.000000000000,0.010000000000
1387436262,154996.000000000000,0.010000000000
1387436431,154996.000000000000,0.060000000000
1387436495,154996.000000000000,0.020000000000
1387436495,154996.000000000000,0.050000000000
1387436544,154996.000000000000,0.050000000000
1387436577,154996.000000000000,0.120000000000
1387436730,154996.000000000000,0.090000000000
1387436740,155000.000000000000,0.040000000000
1387436866,155000.000000000000,0.140000000000
1387436929,155000.000000000000,0.120000000000
1387436998,155000.000000000000,0.030000000000
1387437062,155000.000000000000,0.050000000000
1387437062,156000.000000000000,0.060000000000
1387437108,154999.000000000000,0.440000000000
1387437118,154999.000000000000,0.080000000000
1387437223,154999.000000000000,0.120000000000
1387437239,154999.000000000000,0.150000000000
1387437302,154999.000000000000,0.020000000000
1387437302,155999.000000000000,0.120000000000
1387437394,155999.000000000000,0.280000000000
1387437437,155999.000000000000,0.190000000000
1387437513,155999.000000000000,0.030000000000
1387437549,155999.000000000000,1.900000000000
1387437666,155999.000000000000,0.140000000000
1387437699,155000.000000000000,0.120000000000
1387437714,155000.000000000000,0.320000000000
1387437784,155000.000000000000,0.070000000000
1387437814,155000.000000000000,0.190000000000
1387437945,154999.000000000000,0.240000000000
1387438024,154999.000000000000,0.120000000000
1387438039,150606.000000000000,0.220000000000
1387438040,150606.000000000000,0.330000000000
1387438040,149622.000000000000,0.450000000000
1387438215,154998.000000000000,0.090000000000
1387438335,154998.000000000000,0.010000000000
1387438335,155000.000000000000,0.140000000000
1387438347,155000.000000000000,0.150000000000
1387438347,155000.000000000000,0.070000000000
1387438359,155000.000000000000,0.150000000000
1387438418,154999.000000000000,0.090000000000
1387438418,155000.000000000000,0.130000000000
1387438437,155000.000000000000,0.660000000000
1387438437,155000.000000000000,0.440000000000
1387438438,155000.000000000000,0.500000000000
1387438438,155000.000000000000,0.500000000000
1387438438,155999.000000000000,0.100000000000
1387438560,155998.000000000000,0.160000000000
1387438560,155998.000000000000,0.060000000000
1387438659,155997.000000000000,0.470000000000
1387438693,155997.000000000000,0.030000000000
1387438693,155998.000000000000,0.160000000000
1387438850,155997.000000000000,0.090000000000
1387438974,155997.000000000000,0.080000000000
1387439216,155000.000000000000,0.160000000000
1387439236,155000.000000000000,0.130000000000
1387439379,155000.000000000000,0.020000000000
1387439379,155000.000000000000,0.550000000000
1387439563,155000.000000000000,0.240000000000
1387439817,154799.000000000000,0.150000000000
1387439847,154799.000000000000,0.140000000000
1387439862,154799.000000000000,0.210000000000
1387439886,153333.000000000000,0.150000000000
1387439946,153333.000000000000,0.110000000000
1387440234,152221.000000000000,0.130000000000
1387440318,149622.000000000000,0.050000000000
1387440318,148638.000000000000,0.010000000000
1387440319,152221.000000000000,0.070000000000
1387440351,152221.000000000000,0.040000000000
1387440404,152221.000000000000,0.090000000000
1387440492,153332.000000000000,0.070000000000
1387440750,153333.000000000000,0.020000000000
1387441055,153327.000000000000,0.160000000000
1387441135,153327.000000000000,0.030000000000
1387441196,153325.000000000000,0.130000000000
1387441382,153319.000000000000,0.150000000000
1387441416,153320.000000000000,0.180000000000
1387441501,153320.000000000000,0.250000000000
1387441663,153320.000000000000,0.020000000000
1387441727,153320.000000000000,0.130000000000
1387442075,153320.000000000000,0.130000000000
1387442219,153320.000000000000,0.230000000000
1387442246,153320.000000000000,0.150000000000
1387442275,153320.000000000000,0.110000000000
1387442275,153333.000000000000,0.060000000000
1387442322,153320.000000000000,0.130000000000
1387442590,153320.000000000000,0.270000000000
1387442590,153320.000000000000,0.060000000000
1387442679,153320.000000000000,0.140000000000
1387442679,153333.000000000000,0.010000000000
1387442747,153330.000000000000,0.240000000000
1387442771,153330.000000000000,0.150000000000
1387442775,153330.000000000000,0.210000000000
1387442860,153330.000000000000,0.040000000000
1387442860,148639.000000000000,0.140000000000
1387442871,153333.000000000000,0.230000000000
1387442886,153333.000000000000,0.120000000000
1387442971,153333.000000000000,0.110000000000
1387443040,153333.000000000000,0.020000000000
1387443083,153333.000000000000,0.030000000000
1387443118,155000.000000000000,0.030000000000
1387443118,155997.000000000000,0.190000000000
1387443251,155000.000000000000,0.140000000000
1387443280,155000.000000000000,0.230000000000
1387443321,155000.000000000000,0.320000000000
1387443489,155000.000000000000,0.290000000000
1387443489,155555.000000000000,0.040000000000
1387443517,155000.000000000000,0.050000000000
1387443584,155000.000000000000,0.110000000000
1387443801,155000.000000000000,0.540000000000
1387443833,155000.000000000000,0.170000000000
1387443891,155000.000000000000,0.140000000000
1387443891,155555.000000000000,0.020000000000
1387444053,155555.000000000000,0.240000000000
1387444089,155555.000000000000,0.160000000000
1387444112,155000.000000000000,0.050000000000
1387444242,155000.000000000000,0.090000000000
1387444297,155000.000000000000,0.550000000000
1387444363,155000.000000000000,0.160000000000
1387444512,155000.000000000000,0.090000000000
1387444548,155000.000000000000,0.150000000000
1387444550,152000.000000000000,0.030000000000
1387444550,150000.000000000000,0.110000000000
1387444550,149502.000000000000,0.030000000000
1387444626,154999.000000000000,0.030000000000
1387444626,155000.000000000000,0.090000000000
1387444626,155000.000000000000,0.030000000000
1387444634,155000.000000000000,0.200000000000
1387444746,155000.000000000000,0.100000000000
1387444855,155000.000000000000,0.090000000000
1387445108,155000.000000000000,0.080000000000
1387445149,155000.000000000000,0.140000000000
1387445156,155000.000000000000,0.150000000000
1387445309,155000.000000000000,0.150000000000
1387445342,155000.000000000000,0.140000000000
1387445415,155000.000000000000,0.050000000000
1387445444,155000.000000000000,0.080000000000
1387445752,155000.000000000000,0.220000000000
1387445853,155000.000000000000,0.040000000000
1387445933,155000.000000000000,0.070000000000
1387445974,155000.000000000000,0.200000000000
1387445974,155555.000000000000,0.040000000000
1387446084,155555.000000000000,0.130000000000
1387446319,155997.000000000000,0.190000000000
1387446546,155997.000000000000,0.150000000000
1387446702,155997.000000000000,0.220000000000
1387446745,155997.000000000000,0.760000000000
1387446745,155998.000000000000,0.240000000000
1387446908,155998.000000000000,0.140000000000
1387446997,155998.000000000000,0.020000000000
1387447001,155998.000000000000,0.220000000000
1387447001,155998.000000000000,0.040000000000
1387447033,155998.000000000000,0.120000000000
1387447033,155999.000000000000,0.080000000000
1387447208,149667.000000000000,4.540000000000
1387447208,149665.000000000000,1.000000000000
1387447209,149654.000000000000,0.380000000000
1387447209,149501.000000000000,1.200000000000
1387447209,149500.000000000000,0.150000000000
1387447209,149500.000000000000,0.240000000000
1387447209,148638.000000000000,0.490000000000
1387447209,147653.000000000000,0.500000000000
1387447209,146670.000000000000,0.500000000000
1387447209,146669.000000000000,0.500000000000
1387447209,145685.000000000000,0.450000000000
1387447209,145684.000000000000,0.500000000000
1387447209,144701.000000000000,0.450000000000
1387447209,144700.000000000000,0.500000000000
1387447209,144001.000000000000,4.100000000000
1387447209,144000.000000000000,1.000000000000
1387447209,144000.000000000000,3.580000000000
1387447209,143716.000000000000,0.450000000000
1387447209,143715.000000000000,0.500000000000
1387447209,142732.000000000000,0.450000000000
1387447209,142731.000000000000,0.500000000000
1387447209,142001.000000000000,0.530000000000
1387447291,155998.000000000000,0.150000000000
1387447377,155998.000000000000,0.200000000000
1387447377,155999.000000000000,0.000000000000
1387447452,155998.000000000000,0.190000000000
1387447452,155999.000000000000,0.320000000000
1387447452,155999.000000000000,0.350000000000
1387447452,156000.000000000000,0.440000000000
1387447452,156990.000000000000,1.030000000000
1387447452,156991.000000000000,1.000000000000
1387447452,156999.000000000000,0.190000000000
1387447452,157000.000000000000,0.500000000000
1387447452,158000.000000000000,0.270000000000
1387447512,157999.000000000000,0.090000000000
1387447590,157999.000000000000,0.140000000000
1387447590,158000.000000000000,0.010000000000
1387447691,157999.000000000000,0.140000000000
1387447691,158000.000000000000,0.010000000000
1387447714,157999.000000000000,0.030000000000
1387447736,157999.000000000000,0.090000000000
1387447833,142165.000000000000,0.030000000000
1387447833,142165.000000000000,0.010000000000
1387447845,157999.000000000000,0.060000000000
1387447852,157998.000000000000,0.020000000000
1387447852,157998.000000000000,0.010000000000
1387447914,157999.000000000000,0.130000000000
1387447914,158000.000000000000,0.220000000000
1387447914,158999.000000000000,0.000000000000
1387448428,157991.000000000000,0.020000000000
1387448627,157995.000000000000,0.090000000000
1387448658,158999.000000000000,0.080000000000
1387448661,157991.000000000000,0.020000000000
1387448733,157990.000000000000,0.110000000000
1387448733,157991.000000000000,0.180000000000
1387448733,158999.000000000000,0.400000000000
1387448733,159000.000000000000,0.220000000000
1387448767,143504.000000000000,0.020000000000
1387448800,158999.000000000000,0.060000000000
1387448929,158999.000000000000,0.080000000000
1387448992,158999.000000000000,0.140000000000
1387449064,158999.000000000000,0.090000000000
1387449086,158999.000000000000,0.030000000000
1387449124,158999.000000000000,0.030000000000
1387449222,158999.000000000000,0.150000000000
1387449266,144011.000000000000,0.350000000000
1387449266,144011.000000000000,0.090000000000
1387449315,157999.000000000000,0.040000000000
1387449315,157999.000000000000,0.020000000000
1387449320,144023.000000000000,0.120000000000
1387449320,144023.000000000000,0.030000000000
1387449426,157999.000000000000,0.030000000000
1387449438,157999.000000000000,0.050000000000
1387449438,158000.000000000000,0.090000000000
1387449438,158999.000000000000,0.040000000000
1387449497,158999.000000000000,0.170000000000
1387449497,159000.000000000000,0.050000000000
1387449519,158999.000000000000,0.140000000000
1387449519,159000.000000000000,0.230000000000
1387449519,159998.000000000000,0.480000000000
1387449519,159999.000000000000,0.600000000000
1387449519,159999.000000000000,0.520000000000
1387449519,160000.000000000000,0.500000000000
1387449519,160999.000000000000,0.130000000000
1387449519,160999.000000000000,0.520000000000
1387449519,161000.000000000000,0.120000000000
1387449519,161000.000000000000,0.500000000000
1387449519,161999.000000000000,0.050000000000
1387449519,161999.000000000000,0.100000000000
1387449519,162000.000000000000,0.500000000000
1387449519,162222.000000000000,0.100000000000
1387449519,162222.000000000000,0.080000000000
1387449540,162221.000000000000,0.150000000000
1387449555,162221.000000000000,0.020000000000
1387449594,162221.000000000000,1.410000000000
1387449594,162222.000000000000,2.320000000000
1387449594,162500.000000000000,0.020000000000
1387449594,162987.000000000000,0.230000000000
1387449594,162988.000000000000,0.500000000000
1387449610,162988.000000000000,0.160000000000
1387449651,162988.000000000000,1.070000000000
1387449751,162988.000000000000,0.020000000000
1387449751,162988.000000000000,0.030000000000
1387449800,162988.000000000000,0.070000000000
1387449809,162988.000000000000,0.070000000000
1387449852,162988.000000000000,0.180000000000
1387449948,162988.000000000000,0.040000000000
1387449972,162988.000000000000,0.150000000000
1387450002,162988.000000000000,0.140000000000
1387450037,162988.000000000000,0.220000000000
1387450066,162988.000000000000,0.070000000000
1387450151,162988.000000000000,0.140000000000
1387450169,162988.000000000000,0.220000000000
1387450249,162988.000000000000,0.140000000000
1387450287,162988.000000000000,0.210000000000
1387450372,162988.000000000000,0.570000000000
1387450455,162988.000000000000,1.420000000000
1387450541,162988.000000000000,0.460000000000
1387450620,162988.000000000000,0.070000000000
1387450838,158002.000000000000,0.020000000000
1387450838,158001.000000000000,0.030000000000
1387451028,162006.000000000000,0.030000000000
1387451028,162007.000000000000,0.050000000000
1387451028,162980.000000000000,0.070000000000
1387451033,162980.000000000000,0.070000000000
1387451189,162980.000000000000,0.080000000000
1387451209,158001.000000000000,0.020000000000
1387451209,158001.000000000000,0.010000000000
1387451228,162980.000000000000,0.140000000000
1387451238,162980.000000000000,0.080000000000
1387451367,162980.000000000000,0.020000000000
1387451405,162980.000000000000,0.040000000000
1387451468,162980.000000000000,0.020000000000
1387451522,162980.000000000000,0.110000000000
1387451578,162980.000000000000,0.140000000000
1387451589,162980.000000000000,0.080000000000
1387451593,162980.000000000000,0.070000000000
1387451601,161000.000000000000,0.040000000000
1387451601,158001.000000000000,0.010000000000
1387451658,162980.000000000000,0.040000000000
1387451689,162980.000000000000,0.410000000000
1387451707,162980.000000000000,0.520000000000
1387451718,162980.000000000000,0.070000000000
1387451720,162980.000000000000,0.070000000000
1387451809,162980.000000000000,0.100000000000
1387451810,162980.000000000000,0.300000000000
1387451868,162980.000000000000,0.120000000000
1387451896,162980.000000000000,0.140000000000
1387451975,162980.000000000000,0.130000000000
1387452129,162980.000000000000,0.040000000000
1387452297,162980.000000000000,0.190000000000
1387452324,162980.000000000000,0.040000000000
1387452355,162980.000000000000,0.070000000000
1387452400,162980.000000000000,0.130000000000
1387452491,162980.000000000000,0.130000000000
1387452528,162980.000000000000,0.080000000000
1387452528,162988.000000000000,0.560000000000
1387452545,162988.000000000000,0.140000000000
1387452578,162988.000000000000,0.140000000000
1387452599,162988.000000000000,0.190000000000
1387452733,162988.000000000000,0.130000000000
1387452749,162988.000000000000,0.140000000000
1387452807,162988.000000000000,0.140000000000
1387453115,162988.000000000000,0.020000000000
1387453115,162988.000000000000,0.020000000000
1387453136,162988.000000000000,0.090000000000
1387453151,162988.000000000000,0.520000000000
1387453197,162988.000000000000,0.640000000000
1387453258,162985.000000000000,0.070000000000
1387453281,158006.000000000000,0.100000000000
1387453292,162984.000000000000,0.110000000000
1387453292,162985.000000000000,0.930000000000
1387453292,162988.000000000000,2.190000000000
1387453294,162988.000000000000,1.000000000000
1387453295,162988.000000000000,0.970000000000
1387453372,162900.000000000000,0.070000000000
1387453372,163000.000000000000,0.010000000000
1387453428,163000.000000000000,0.120000000000
1387453444,163000.000000000000,0.140000000000
1387453444,163000.000000000000,0.240000000000
1387453463,164000.000000000000,0.500000000000
1387453481,165000.000000000000,0.100000000000
1387453481,165000.000000000000,0.500000000000
1387453499,165997.000000000000,0.220000000000
1387453513,165997.000000000000,0.020000000000
1387453513,165997.000000000000,0.010000000000
1387453525,165997.000000000000,0.070000000000
1387453731,166000.000000000000,0.090000000000
1387453755,166000.000000000000,0.140000000000
1387453805,166000.000000000000,0.200000000000
1387454008,166000.000000000000,0.030000000000
1387454046,166000.000000000000,0.040000000000
1387454046,167000.000000000000,0.020000000000
1387454195,167000.000000000000,0.210000000000
1387454232,167000.000000000000,0.110000000000
1387454309,167000.000000000000,0.140000000000
1387454366,167000.000000000000,0.030000000000
1387454366,167500.000000000000,0.020000000000
1387454366,167992.000000000000,0.090000000000
1387454428,167992.000000000000,0.100000000000
1387454433,158021.000000000000,0.040000000000
1387454444,167992.000000000000,0.620000000000
1387454460,167992.000000000000,0.140000000000
1387454662,167992.000000000000,0.040000000000
1387454662,167995.000000000000,0.020000000000
1387454662,168000.000000000000,0.030000000000
1387454930,168000.000000000000,0.100000000000
1387455008,168000.000000000000,0.030000000000
1387455063,168000.000000000000,0.140000000000
1387455151,168000.000000000000,0.070000000000
1387455281,167999.000000000000,0.020000000000
1387455397,167999.000000000000,0.200000000000
1387455400,167999.000000000000,0.200000000000
1387455421,167999.000000000000,0.210000000000
1387455426,167999.000000000000,0.210000000000
1387455468,167999.000000000000,0.160000000000
1387455468,168000.000000000000,0.140000000000
1387455468,168000.000000000000,0.210000000000
1387455488,168000.000000000000,0.040000000000
1387455504,168000.000000000000,0.210000000000
1387455543,168000.000000000000,0.340000000000
1387455543,169000.000000000000,0.270000000000
1387455576,169000.000000000000,0.060000000000
1387455587,169000.000000000000,0.130000000000
1387455599,169000.000000000000,0.040000000000
1387455599,170000.000000000000,0.020000000000
1387455599,170000.000000000000,0.020000000000
1387455599,170000.000000000000,0.020000000000
1387455775,170000.000000000000,0.140000000000
1387455775,170000.000000000000,0.210000000000
1387455852,170000.000000000000,0.040000000000
1387455927,170000.000000000000,0.020000000000
1387455947,170000.000000000000,0.070000000000
1387456156,170000.000000000000,0.100000000000
1387456317,164002.000000000000,0.060000000000
1387456317,164002.000000000000,0.030000000000
1387456342,169007.000000000000,0.050000000000
1387456353,169999.000000000000,0.020000000000
1387456353,170000.000000000000,0.040000000000
1387456353,171000.000000000000,0.140000000000
1387456370,171000.000000000000,0.050000000000
1387456373,171000.000000000000,0.130000000000
1387456380,171000.000000000000,0.140000000000
1387456517,171000.000000000000,0.040000000000
1387456517,171000.000000000000,0.030000000000
1387456567,171000.000000000000,0.100000000000
1387456628,171000.000000000000,0.040000000000
1387456675,169000.000000000000,0.030000000000
1387456675,164001.000000000000,0.280000000000
1387456708,164001.000000000000,0.140000000000
1387456708,159884.000000000000,1.030000000000
1387456708,159884.000000000000,0.070000000000
1387456769,170999.000000000000,0.130000000000
1387456775,170999.000000000000,0.080000000000
1387456828,170999.000000000000,0.060000000000
1387456905,170999.000000000000,0.390000000000
1387456905,171000.000000000000,0.140000000000
1387456948,170999.000000000000,0.060000000000
1387456973,170999.000000000000,0.300000000000
1387456973,171000.000000000000,0.110000000000
1387456983,171000.000000000000,0.020000000000
1387457116,171000.000000000000,0.030000000000
1387457213,171000.000000000000,0.080000000000
1387457217,171000.000000000000,0.050000000000
1387457273,171000.000000000000,0.210000000000
1387457273,172000.000000000000,0.290000000000
1387457454,172000.000000000000,0.120000000000
1387457459,172000.000000000000,0.090000000000
1387457459,172500.000000000000,0.020000000000
1387457459,173000.000000000000,0.130000000000
1387457719,173000.000000000000,0.140000000000
1387457749,173000.000000000000,0.060000000000
1387457757,173000.000000000000,0.030000000000
1387457777,173000.000000000000,0.090000000000
1387457829,173000.000000000000,0.060000000000
1387457829,173799.000000000000,0.080000000000
1387457838,172000.000000000000,0.070000000000
1387457913,172000.000000000000,0.200000000000
1387457945,172000.000000000000,0.210000000000
1387458099,171999.000000000000,0.030000000000
1387458122,171999.000000000000,0.090000000000
1387458129,171999.000000000000,0.140000000000
1387458159,171999.000000000000,0.130000000000
1387458244,171999.000000000000,0.130000000000
1387458249,171999.000000000000,0.170000000000
1387458280,171999.000000000000,0.310000000000
1387458377,169999.000000000000,0.130000000000
1387458511,170000.000000000000,0.080000000000
1387458578,169999.000000000000,0.240000000000
1387458584,169999.000000000000,0.080000000000
1387458660,169999.000000000000,0.260000000000
1387458989,170000.000000000000,0.080000000000
1387459060,170000.000000000000,0.210000000000
1387459265,170000.000000000000,0.120000000000
1387459265,171999.000000000000,0.010000000000
1387459311,163002.000000000000,0.080000000000
1387459378,171998.000000000000,0.080000000000
1387459378,171999.000000000000,0.050000000000
1387459438,171500.000000000000,0.100000000000
1387459438,171999.000000000000,0.100000000000
1387459518,163002.000000000000,0.360000000000
1387459518,163001.000000000000,0.520000000000
1387459518,163001.000000000000,0.140000000000
1387459518,163000.000000000000,0.990000000000
1387459603,171994.000000000000,0.130000000000
1387459694,171988.000000000000,0.210000000000
1387459771,163001.000000000000,0.350000000000
1387459771,163000.000000000000,0.000000000000
1387459832,171985.000000000000,0.200000000000
1387459855,171984.000000000000,0.200000000000
1387459881,170998.000000000000,0.250000000000
1387459933,170998.000000000000,0.060000000000
1387459933,170999.000000000000,0.450000000000
1387459945,170999.000000000000,0.200000000000
1387459983,170999.000000000000,0.050000000000
1387460061,170999.000000000000,0.090000000000
1387460083,170999.000000000000,0.160000000000
1387460207,170999.000000000000,0.090000000000
1387460212,170999.000000000000,0.500000000000
1387460286,170999.000000000000,0.080000000000
1387460332,169999.000000000000,0.340000000000
1387460385,169999.000000000000,0.080000000000
1387460423,170999.000000000000,0.200000000000
1387460485,170999.000000000000,0.110000000000
1387460519,170999.000000000000,0.210000000000
1387460542,163005.000000000000,0.100000000000
1387460559,163000.000000000000,0.230000000000
1387460586,170997.000000000000,0.090000000000
1387460605,163000.000000000000,0.060000000000
1387460607,170999.000000000000,0.140000000000
1387460639,170999.000000000000,0.140000000000
1387460912,170999.000000000000,0.130000000000
1387461018,170999.000000000000,0.080000000000
1387461197,164001.000000000000,0.040000000000
1387461222,168000.000000000000,0.090000000000
1387461266,167998.000000000000,0.060000000000
1387461266,168000.000000000000,0.160000000000
1387461453,164000.000000000000,0.030000000000
1387461510,167999.000000000000,0.020000000000
1387461682,167998.000000000000,0.030000000000
1387461682,168000.000000000000,0.060000000000
1387461686,168000.000000000000,0.030000000000
1387461887,168000.000000000000,0.200000000000
1387461935,168000.000000000000,0.060000000000
1387461969,168000.000000000000,0.150000000000
1387462040,168000.000000000000,0.340000000000
1387462042,168000.000000000000,0.130000000000
1387462131,168000.000000000000,0.040000000000
1387462172,168000.000000000000,0.050000000000
1387462172,170970.000000000000,0.010000000000
1387462258,165001.000000000000,0.190000000000
1387462261,170970.000000000000,0.490000000000
1387462261,171000.000000000000,0.030000000000
1387462289,165000.000000000000,0.050000000000
1387462289,165000.000000000000,0.000000000000
1387462397,169998.000000000000,0.130000000000
1387462433,170000.000000000000,0.140000000000
1387462524,169998.000000000000,0.060000000000
1387462524,170000.000000000000,0.070000000000
1387462594,170000.000000000000,0.090000000000
1387462653,170000.000000000000,0.030000000000
1387462653,170000.000000000000,0.230000000000
1387462863,169500.000000000000,0.030000000000
1387462867,169500.000000000000,0.010000000000
1387462867,170000.000000000000,0.030000000000
1387463198,165016.000000000000,0.100000000000
1387463379,169998.000000000000,0.100000000000
1387463379,170000.000000000000,0.310000000000
1387463481,165017.000000000000,0.300000000000
1387463481,165017.000000000000,0.320000000000
1387463575,170000.000000000000,0.090000000000
1387463647,165017.000000000000,0.190000000000
1387463647,165017.000000000000,0.020000000000
1387463647,169998.000000000000,0.130000000000
1387463657,169998.000000000000,0.020000000000
1387463885,168997.000000000000,0.070000000000
1387463898,168997.000000000000,0.080000000000
1387463898,168999.000000000000,0.030000000000
1387463898,170000.000000000000,0.020000000000
1387463917,170000.000000000000,0.140000000000
1387463929,170000.000000000000,0.110000000000
1387463989,170000.000000000000,0.140000000000
1387464212,170000.000000000000,0.130000000000
1387464212,171000.000000000000,0.140000000000
1387464221,171000.000000000000,0.080000000000
1387464365,171000.000000000000,0.210000000000
1387464393,171000.000000000000,0.020000000000
1387464529,171000.000000000000,0.050000000000
1387464539,171000.000000000000,0.140000000000
1387464603,171000.000000000000,0.060000000000
1387464603,171000.000000000000,0.080000000000
1387464719,171000.000000000000,0.070000000000
1387464724,171000.000000000000,0.130000000000
1387464750,171000.000000000000,0.130000000000
1387464798,171000.000000000000,0.100000000000
1387464798,172000.000000000000,0.520000000000
1387464906,172000.000000000000,0.010000000000
1387464906,173800.000000000000,0.150000000000
1387464999,173800.000000000000,0.130000000000
1387465224,173800.000000000000,0.030000000000
1387465224,173800.000000000000,0.100000000000
1387465419,173800.000000000000,0.020000000000
1387465470,167420.000000000000,0.380000000000
1387465470,167419.000000000000,0.030000000000
1387465470,167418.000000000000,0.130000000000
1387465470,165020.000000000000,0.300000000000
1387465470,165020.000000000000,0.100000000000
1387465470,165012.000000000000,0.070000000000
1387465560,173800.000000000000,0.130000000000
1387465614,173800.000000000000,0.140000000000
1387465639,173798.000000000000,0.090000000000
1387465706,173800.000000000000,0.110000000000
1387465706,173983.000000000000,0.100000000000
1387465732,165012.000000000000,0.080000000000
1387465801,173981.000000000000,0.140000000000
1387465968,173976.000000000000,0.130000000000
1387466008,173973.000000000000,0.130000000000
1387466055,173968.000000000000,0.110000000000
1387466106,173963.000000000000,0.070000000000
1387466117,173961.000000000000,0.020000000000
1387466117,173963.000000000000,0.110000000000
1387466120,173963.000000000000,0.130000000000
1387466130,173963.000000000000,0.120000000000
1387466196,173963.000000000000,0.030000000000
1387466200,173963.000000000000,0.130000000000
1387466301,173963.000000000000,0.040000000000
1387466367,173963.000000000000,0.170000000000
1387466390,173963.000000000000,0.110000000000
1387466533,167933.000000000000,0.090000000000
1387466661,173963.000000000000,0.130000000000
1387466716,173963.000000000000,0.180000000000
1387466775,173963.000000000000,0.130000000000
1387466778,173963.000000000000,0.120000000000
1387466859,173963.000000000000,0.110000000000
1387466859,174000.000000000000,0.090000000000
1387466878,174000.000000000000,0.030000000000
1387466889,173998.000000000000,0.050000000000
1387466895,173998.000000000000,0.040000000000
1387466895,174000.000000000000,0.040000000000
1387466967,174000.000000000000,0.140000000000
1387467017,174000.000000000000,0.040000000000
1387467285,174000.000000000000,0.060000000000
1387467374,168004.000000000000,0.060000000000
1387467441,173998.000000000000,0.050000000000
1387467462,173998.000000000000,0.010000000000
1387467462,174000.000000000000,0.110000000000
1387467462,174000.000000000000,0.370000000000
1387467473,174000.000000000000,0.430000000000
1387467473,175000.000000000000,0.020000000000
1387467473,175000.000000000000,0.000000000000
1387467533,175000.000000000000,0.050000000000
1387467718,175000.000000000000,0.270000000000
1387467827,175000.000000000000,0.130000000000
1387467883,175000.000000000000,0.040000000000
1387467883,175999.000000000000,0.010000000000
1387467903,175999.000000000000,0.040000000000
1387467982,168026.000000000000,0.320000000000
1387467982,168025.000000000000,0.440000000000
1387468039,175991.000000000000,0.170000000000
1387468065,175991.000000000000,0.130000000000
1387468148,175989.000000000000,0.170000000000
1387468271,175986.000000000000,0.060000000000
1387468275,175986.000000000000,0.130000000000
1387468313,175984.000000000000,0.030000000000
1387468313,175985.000000000000,0.080000000000
1387468313,175988.000000000000,0.030000000000
1387468334,175999.000000000000,0.020000000000
1387468358,175999.000000000000,0.130000000000
1387468365,175999.000000000000,0.030000000000
1387468399,175999.000000000000,0.020000000000
1387468443,175500.000000000000,0.100000000000
1387468446,175500.000000000000,0.000000000000
1387468446,175999.000000000000,0.130000000000
1387468582,175999.000000000000,0.020000000000
1387468614,175999.000000000000,0.040000000000
1387468699,176000.000000000000,0.130000000000
1387468720,176000.000000000000,0.020000000000
1387468785,175999.000000000000,0.020000000000
1387468821,175999.000000000000,0.250000000000
1387468879,168122.000000000000,0.050000000000
1387469052,175999.000000000000,0.050000000000
1387469052,176000.000000000000,0.070000000000
1387469137,176000.000000000000,0.250000000000
1387469184,176000.000000000000,0.030000000000
1387469184,177000.000000000000,0.050000000000
1387469264,177000.000000000000,0.120000000000
1387469292,177000.000000000000,0.190000000000
1387469378,177000.000000000000,0.140000000000
1387469378,177000.000000000000,0.030000000000
1387469465,176999.000000000000,0.130000000000
1387469473,176999.000000000000,0.030000000000
1387469748,176999.000000000000,0.090000000000
1387469836,177000.000000000000,0.030000000000
1387469919,177000.000000000000,0.190000000000
1387470310,177000.000000000000,0.200000000000
1387470393,177000.000000000000,0.030000000000
1387470406,177000.000000000000,0.320000000000
1387470425,177110.000000000000,0.040000000000
1387470469,177110.000000000000,0.130000000000
1387470524,177110.000000000000,0.100000000000
1387470530,177110.000000000000,0.030000000000
1387470641,177110.000000000000,0.040000000000
1387470737,177110.000000000000,0.130000000000
1387471071,177100.000000000000,0.020000000000
1387471071,177110.000000000000,0.170000000000
1387471080,177110.000000000000,0.080000000000
1387471171,177110.000000000000,0.130000000000
1387471238,177110.000000000000,0.040000000000
1387471238,177500.000000000000,0.020000000000
1387471239,177500.000000000000,0.020000000000
1387471239,177999.000000000000,0.120000000000
1387471277,177999.000000000000,0.070000000000
1387471301,177999.000000000000,0.190000000000
1387471343,177999.000000000000,0.080000000000
1387471349,177999.000000000000,0.190000000000
1387471351,177999.000000000000,0.030000000000
1387471485,178000.000000000000,0.090000000000
1387471494,177599.000000000000,0.110000000000
1387471581,177599.000000000000,0.050000000000
1387471581,177000.000000000000,0.010000000000
1387471581,170037.000000000000,0.010000000000
1387471597,178000.000000000000,0.080000000000
1387471605,178000.000000000000,0.130000000000
1387471652,177999.000000000000,0.060000000000
1387471659,170039.000000000000,0.070000000000
1387471721,177998.000000000000,0.070000000000
1387471721,177999.000000000000,0.110000000000
1387471749,177999.000000000000,0.040000000000
1387472007,177999.000000000000,0.130000000000
1387472042,177999.000000000000,0.110000000000
1387472200,170000.000000000000,0.200000000000
1387472200,170000.000000000000,0.520000000000
1387472209,170000.000000000000,0.110000000000
1387472284,170000.000000000000,0.150000000000
1387472413,177999.000000000000,0.060000000000
1387472536,176998.000000000000,0.100000000000
1387472536,177000.000000000000,0.110000000000
1387472542,177000.000000000000,0.130000000000
1387472831,176999.000000000000,0.220000000000
1387472842,176999.000000000000,0.040000000000
1387473199,168001.000000000000,0.070000000000
1387473205,176999.000000000000,0.100000000000
1387473210,176998.000000000000,0.030000000000
1387473433,176998.000000000000,0.040000000000
1387473433,176999.000000000000,0.060000000000
1387473447,176999.000000000000,0.100000000000
1387473474,176999.000000000000,0.170000000000
1387473474,176999.000000000000,0.130000000000
1387473548,176998.000000000000,0.130000000000
1387473560,176998.000000000000,0.190000000000
1387473596,176998.000000000000,0.050000000000
1387473660,168064.000000000000,0.060000000000
1387473735,176996.000000000000,0.060000000000
1387473735,176998.000000000000,0.020000000000
1387473738,176998.000000000000,0.130000000000
1387473838,176998.000000000000,0.070000000000
1387473904,176998.000000000000,0.100000000000
1387473926,176998.000000000000,0.190000000000
1387473951,176998.000000000000,0.190000000000
1387473958,176997.000000000000,0.730000000000
1387473983,176997.000000000000,0.060000000000
1387474026,168038.000000000000,0.030000000000
1387474026,168038.000000000000,0.010000000000
1387474028,176998.000000000000,0.190000000000
1387474110,168052.000000000000,0.530000000000
1387474110,168051.000000000000,0.370000000000
1387474110,168050.000000000000,0.110000000000
1387474252,176989.000000000000,0.070000000000
1387474254,176989.000000000000,0.180000000000
1387474292,168056.000000000000,0.320000000000
1387474292,168055.000000000000,0.470000000000
1387474292,168001.000000000000,0.070000000000
1387474292,168001.000000000000,0.020000000000
1387474349,176986.000000000000,0.130000000000
1387474417,176981.000000000000,0.020000000000
1387474443,176979.000000000000,0.160000000000
1387474467,176979.000000000000,0.180000000000
1387474482,176975.000000000000,0.070000000000
1387474482,176976.000000000000,0.040000000000
1387474482,176976.000000000000,0.010000000000
1387474609,176969.000000000000,0.110000000000
1387474609,176970.000000000000,0.020000000000
1387474636,176968.000000000000,0.020000000000
1387474875,176953.000000000000,0.140000000000
1387474892,176953.000000000000,0.130000000000
1387474904,176953.000000000000,0.130000000000
1387474981,176953.000000000000,0.030000000000
1387474981,176953.000000000000,0.040000000000
1387474981,176954.000000000000,0.060000000000
1387475214,176987.000000000000,0.190000000000
1387475299,176987.000000000000,0.100000000000
1387475302,176987.000000000000,0.200000000000
1387475431,176985.000000000000,0.150000000000
1387475434,176985.000000000000,0.200000000000
1387475454,176985.000000000000,0.060000000000
1387475552,176985.000000000000,0.150000000000
1387475559,176985.000000000000,0.070000000000
1387475636,176985.000000000000,0.020000000000
1387475636,176985.000000000000,0.010000000000
1387475701,169119.000000000000,0.460000000000
1387475701,169118.000000000000,0.270000000000
1387475701,169117.000000000000,0.390000000000
1387475701,168001.000000000000,0.120000000000
1387475740,176983.000000000000,0.040000000000
1387475773,176980.000000000000,0.070000000000
1387475900,176900.000000000000,0.100000000000
1387475905,176900.000000000000,0.130000000000
1387475917,176898.000000000000,0.340000000000
1387475929,176898.000000000000,0.060000000000
1387475966,176892.000000000000,0.060000000000
1387475966,176894.000000000000,0.080000000000
1387475999,176891.000000000000,0.130000000000
1387476084,176798.000000000000,0.100000000000
1387476134,176798.000000000000,0.090000000000
1387476134,176799.000000000000,0.070000000000
1387476193,176799.000000000000,0.080000000000
1387476305,176799.000000000000,0.080000000000
1387476312,176799.000000000000,0.030000000000
1387476391,176799.000000000000,0.130000000000
1387476417,176799.000000000000,0.020000000000
1387476421,176799.000000000000,0.130000000000
1387476468,176799.000000000000,0.120000000000
1387476570,176799.000000000000,0.120000000000
1387476669,168106.000000000000,0.510000000000
1387476669,168105.000000000000,0.350000000000
1387476669,168104.000000000000,0.140000000000
1387476733,176796.000000000000,0.060000000000
1387476747,176796.000000000000,0.190000000000
1387476933,174997.000000000000,0.100000000000
1387476933,174998.000000000000,0.030000000000
1387477009,174996.000000000000,0.200000000000
1387477068,172002.000000000000,0.180000000000
1387477068,168000.000000000000,0.220000000000
1387477168,174998.000000000000,0.020000000000
1387477168,174999.000000000000,0.110000000000
1387477184,174999.000000000000,0.130000000000
1387477206,174999.000000000000,0.150000000000
1387477326,174999.000000000000,0.180000000000
1387477702,174997.000000000000,0.160000000000
1387477828,174996.000000000000,0.420000000000
1387477878,174997.000000000000,0.140000000000
1387477891,174997.000000000000,0.020000000000
1387477894,168001.000000000000,0.380000000000
1387477894,168000.000000000000,0.010000000000
1387477895,174996.000000000000,0.050000000000
1387477961,174990.000000000000,0.280000000000
1387478039,174971.000000000000,0.120000000000
1387478039,174973.000000000000,0.080000000000
1387478048,174973.000000000000,0.060000000000
1387478060,168001.000000000000,0.290000000000
1387478164,174961.000000000000,0.140000000000
1387478168,174960.000000000000,0.120000000000
1387478168,174961.000000000000,0.020000000000
1387478189,174961.000000000000,0.350000000000
1387478294,174947.000000000000,0.040000000000
1387478294,174949.000000000000,0.060000000000
1387478332,174947.000000000000,0.040000000000
1387478586,174931.000000000000,0.090000000000
1387478654,174927.000000000000,0.200000000000
1387478694,174924.000000000000,0.030000000000
1387478718,170000.000000000000,0.220000000000
1387478741,174922.000000000000,0.070000000000
1387478759,174922.000000000000,0.100000000000
1387478776,174922.000000000000,0.020000000000
1387478784,174922.000000000000,0.030000000000
1387478904,174922.000000000000,0.030000000000
1387478914,174919.000000000000,0.020000000000
1387478914,174920.000000000000,0.010000000000
1387479003,174994.000000000000,0.050000000000
1387479018,174996.000000000000,0.170000000000
1387479103,174999.000000000000,0.130000000000
1387479329,174931.000000000000,0.030000000000
1387479386,174931.000000000000,0.120000000000
1387479386,168006.000000000000,0.250000000000
1387479386,168000.000000000000,0.540000000000
1387479386,166000.000000000000,0.090000000000
1387479387,174998.000000000000,0.030000000000
1387479410,174995.000000000000,0.160000000000
1387479499,174996.000000000000,0.130000000000
1387479698,166001.000000000000,0.070000000000
1387479725,174992.000000000000,0.040000000000
1387479725,174994.000000000000,0.020000000000
1387479725,174997.000000000000,0.010000000000
1387479794,174997.000000000000,0.030000000000
1387479826,174998.000000000000,0.490000000000
1387479896,174998.000000000000,0.130000000000
1387479946,174998.000000000000,0.350000000000
1387479946,175000.000000000000,0.140000000000
1387480028,175000.000000000000,0.130000000000
1387480104,174998.000000000000,0.120000000000
1387480114,175000.000000000000,0.200000000000
1387480133,175000.000000000000,0.210000000000
1387480244,174998.000000000000,0.030000000000
1387480275,174998.000000000000,0.130000000000
1387480381,174998.000000000000,0.020000000000
1387480511,174998.000000000000,0.080000000000
1387480727,174000.000000000000,0.510000000000
1387480915,174000.000000000000,0.130000000000
1387481016,173999.000000000000,0.050000000000
1387481018,173999.000000000000,0.170000000000
1387481100,173999.000000000000,0.500000000000
1387481103,173999.000000000000,0.030000000000
1387481107,173999.000000000000,0.200000000000
1387481190,173999.000000000000,0.050000000000
1387481190,174000.000000000000,0.030000000000
1387481211,174000.000000000000,0.100000000000
1387481211,174998.000000000000,0.390000000000
1387481342,174998.000000000000,0.200000000000
1387481415,174998.000000000000,0.130000000000
1387481430,174998.000000000000,0.240000000000
1387481569,174998.000000000000,0.400000000000
1387481807,174007.000000000000,0.050000000000
1387481807,174998.000000000000,0.140000000000
1387481859,174998.000000000000,0.040000000000
1387481937,174998.000000000000,0.140000000000
1387482059,174998.000000000000,0.150000000000
1387482059,175000.000000000000,0.040000000000
1387482112,175000.000000000000,0.130000000000
1387482227,175000.000000000000,0.030000000000
1387482227,175000.000000000000,0.120000000000
1387482287,175000.000000000000,0.050000000000
1387482308,175000.000000000000,0.300000000000
1387482315,175000.000000000000,0.070000000000
1387482341,175000.000000000000,0.070000000000
1387482364,175000.000000000000,0.130000000000
1387482397,175000.000000000000,0.130000000000
1387482442,167271.000000000000,0.020000000000
1387482468,175000.000000000000,0.130000000000
1387482730,175000.000000000000,0.130000000000
1387482961,175000.000000000000,0.030000000000
1387482982,174998.000000000000,0.020000000000
1387482982,175000.000000000000,0.070000000000
1387483066,175000.000000000000,0.070000000000
1387483069,175000.000000000000,0.080000000000
1387483154,167419.000000000000,0.070000000000
1387483329,174000.000000000000,0.200000000000
1387483389,174000.000000000000,0.170000000000
1387483409,174000.000000000000,0.070000000000
1387483475,174000.000000000000,0.080000000000
1387483507,167538.000000000000,0.060000000000
1387483556,174000.000000000000,0.030000000000
1387483586,174000.000000000000,0.090000000000
1387483610,174000.000000000000,0.170000000000
1387483714,174000.000000000000,0.140000000000
1387483715,175997.000000000000,0.210000000000
1387483749,175997.000000000000,0.080000000000
1387483749,176000.000000000000,0.110000000000
1387483814,176000.000000000000,0.140000000000
1387483818,176000.000000000000,0.030000000000
1387483821,176000.000000000000,0.040000000000
1387483939,176000.000000000000,0.090000000000
1387483939,176000.000000000000,0.010000000000
1387484004,176000.000000000000,0.060000000000
1387484036,176000.000000000000,0.030000000000
1387484058,176000.000000000000,0.020000000000
1387484199,176000.000000000000,0.070000000000
1387484261,176000.000000000000,0.190000000000
1387484312,176000.000000000000,0.080000000000
1387484340,176000.000000000000,0.040000000000
1387484340,176666.000000000000,0.090000000000
1387484366,176666.000000000000,0.130000000000
1387484375,176666.000000000000,0.130000000000
1387484439,176666.000000000000,0.100000000000
1387484454,176666.000000000000,0.120000000000
1387484496,168142.000000000000,0.200000000000
1387484595,176665.000000000000,0.050000000000
1387484624,176665.000000000000,0.020000000000
1387484748,176665.000000000000,0.120000000000
1387484791,176666.000000000000,0.110000000000
1387484892,176666.000000000000,0.480000000000
1387484905,176666.000000000000,0.030000000000
1387484923,176666.000000000000,0.120000000000
1387484964,176666.000000000000,0.160000000000
1387484980,176666.000000000000,0.030000000000
1387485117,176666.000000000000,0.130000000000
1387485143,176666.000000000000,0.030000000000
1387485181,176666.000000000000,0.130000000000
1387485204,168191.000000000000,0.430000000000
1387485272,176665.000000000000,0.080000000000
1387485326,176665.000000000000,0.130000000000
1387485451,176665.000000000000,0.090000000000
1387485562,168273.000000000000,0.050000000000
1387485587,176665.000000000000,0.130000000000
1387485624,176666.000000000000,0.140000000000
1387485637,176666.000000000000,0.200000000000
1387485686,176666.000000000000,0.120000000000
1387485712,169066.000000000000,0.120000000000
1387485939,176665.000000000000,0.130000000000
1387485939,176666.000000000000,0.000000000000
1387485956,176666.000000000000,0.130000000000
1387486008,176666.000000000000,0.290000000000
1387486039,176666.000000000000,0.130000000000
1387486040,176666.000000000000,0.390000000000
1387486122,176666.000000000000,0.120000000000
1387486255,172601.000000000000,0.060000000000
1387486261,176666.000000000000,0.120000000000
1387486399,175666.000000000000,0.020000000000
1387486399,176666.000000000000,0.040000000000
1387486469,176664.000000000000,0.060000000000
1387486469,176666.000000000000,0.070000000000
1387486491,176666.000000000000,0.130000000000
1387486506,176666.000000000000,0.050000000000
1387486518,176666.000000000000,0.020000000000
1387486521,176666.000000000000,0.500000000000
1387486549,176666.000000000000,0.130000000000
1387486652,176666.000000000000,0.140000000000
1387486700,176666.000000000000,0.030000000000
1387486742,176666.000000000000,0.060000000000
1387486786,176665.000000000000,0.100000000000
1387486786,176666.000000000000,0.070000000000
1387486820,172624.000000000000,2.000000000000
1387486820,176666.000000000000,0.060000000000
1387486846,172624.000000000000,3.000000000000
1387486872,172624.000000000000,1.400000000000
1387486874,176666.000000000000,0.110000000000
1387486874,176900.000000000000,0.000000000000
1387486874,177000.000000000000,0.010000000000
1387486885,172627.000000000000,0.730000000000
1387486885,172624.000000000000,0.220000000000
1387486885,168163.000000000000,0.410000000000
1387486885,168162.000000000000,0.600000000000
1387486885,168162.000000000000,0.090000000000
1387486885,168161.000000000000,0.100000000000
1387486885,168152.000000000000,0.090000000000
1387486885,168151.000000000000,0.100000000000
1387486885,168101.000000000000,0.430000000000
1387486885,168100.000000000000,1.000000000000
1387486885,168000.000000000000,0.500000000000
1387486885,167000.000000000000,0.500000000000
1387486885,166000.000000000000,0.400000000000
1387487063,176986.000000000000,0.120000000000
1387487065,176986.000000000000,0.130000000000
1387487168,176972.000000000000,0.120000000000
1387487213,176968.000000000000,0.130000000000
1387487216,176968.000000000000,0.040000000000
1387487313,176952.000000000000,0.130000000000
1387487392,176944.000000000000,0.160000000000
1387487397,176944.000000000000,0.140000000000
1387487398,176944.000000000000,0.100000000000
1387487489,176937.000000000000,0.110000000000
1387487577,176936.000000000000,0.030000000000
1387487577,176937.000000000000,0.010000000000
1387487757,176936.000000000000,0.020000000000
1387487757,176937.000000000000,0.040000000000
1387487757,176974.000000000000,0.150000000000
1387487868,176974.000000000000,0.060000000000
1387487871,176974.000000000000,0.130000000000
1387488058,176974.000000000000,0.110000000000
1387488101,176974.000000000000,0.040000000000
1387488142,176974.000000000000,0.460000000000
1387488171,176974.000000000000,0.030000000000
1387488171,176975.000000000000,0.060000000000
1387488228,176975.000000000000,0.100000000000
1387488230,176975.000000000000,0.020000000000
1387488348,166412.000000000000,0.030000000000
1387488348,166412.000000000000,0.010000000000
1387488353,176975.000000000000,0.120000000000
1387488407,176975.000000000000,0.130000000000
1387488489,176975.000000000000,0.020000000000
1387488567,176975.000000000000,0.130000000000
1387488596,176975.000000000000,0.120000000000
1387488596,176975.000000000000,0.060000000000
1387488630,176975.000000000000,0.100000000000
1387488740,176975.000000000000,0.150000000000
1387488804,176975.000000000000,0.020000000000
1387488804,176975.000000000000,0.010000000000
1387488831,176975.000000000000,0.130000000000
1387488841,176975.000000000000,0.080000000000
1387488887,176975.000000000000,0.110000000000
1387488887,176997.000000000000,0.030000000000
1387488901,176997.000000000000,0.060000000000
1387488946,176997.000000000000,0.140000000000
1387488946,176997.000000000000,0.050000000000
1387489101,176997.000000000000,0.130000000000
1387489117,176997.000000000000,0.020000000000
1387489117,177000.000000000000,0.300000000000
1387489272,177000.000000000000,0.190000000000
1387489272,178000.000000000000,0.170000000000
1387489351,178000.000000000000,0.070000000000
1387489371,170003.000000000000,0.040000000000
1387489420,177998.000000000000,0.040000000000
1387489572,178000.000000000000,0.030000000000
1387489618,178000.000000000000,0.230000000000
1387489618,179000.000000000000,0.050000000000
1387489654,179000.000000000000,0.130000000000
1387489734,179000.000000000000,0.060000000000
1387489754,179000.000000000000,0.270000000000
1387489754,179968.000000000000,0.010000000000
1387489763,179968.000000000000,0.120000000000
1387489801,179968.000000000000,0.200000000000
1387489862,179997.000000000000,0.050000000000
1387490167,179995.000000000000,0.130000000000
1387490173,179995.000000000000,0.010000000000
1387490262,179997.000000000000,0.180000000000
1387490285,179997.000000000000,0.130000000000
1387490355,179997.000000000000,0.130000000000
1387490415,179995.000000000000,0.070000000000
1387490415,179997.000000000000,0.120000000000
1387490432,179997.000000000000,0.120000000000
1387490437,179997.000000000000,0.170000000000
1387490570,179997.000000000000,0.190000000000
1387490647,179997.000000000000,0.050000000000
1387490678,179997.000000000000,0.050000000000
1387490678,179998.000000000000,0.140000000000
1387490686,179998.000000000000,0.020000000000
1387490686,179999.000000000000,0.100000000000
1387490769,179999.000000000000,0.080000000000
1387490833,179999.000000000000,0.050000000000
1387491053,179999.000000000000,0.010000000000
1387491053,180000.000000000000,0.260000000000
1387491161,180000.000000000000,0.190000000000
1387491163,180000.000000000000,0.130000000000
1387491181,180000.000000000000,0.020000000000
