000
1387365464,120786.000000000000,0.170000000000
1387365464,120786.000000000000,0.060000000000
1387365500,120785.000000000000,0.020000000000
1387365500,120790.000000000000,0.020000000000
1387365500,120805.000000000000,0.030000000000
1387365501,121965.000000000000,0.020000000000
1387365501,121982.000000000000,0.020000000000
1387365501,122998.000000000000,0.020000000000
1387365501,123996.000000000000,0.080000000000
1387365501,123996.000000000000,0.070000000000
1387365508,123996.000000000000,0.030000000000
1387365508,123996.000000000000,0.020000000000
1387365543,123996.000000000000,0.100000000000
1387365543,123996.000000000000,0.080000000000
1387365602,123995.000000000000,0.380000000000
1387365602,123995.000000000000,0.330000000000
1387365606,123995.000000000000,0.050000000000
1387365606,123995.000000000000,0.040000000000
1387365633,123994.000000000000,0.030000000000
1387365633,123994.000000000000,0.030000000000
1387365656,123994.000000000000,0.130000000000
1387365656,123994.000000000000,0.110000000000
1387365664,123994.000000000000,0.370000000000
1387365664,123994.000000000000,0.200000000000
1387365664,123994.000000000000,0.120000000000
1387365670,123994.000000000000,0.030000000000
1387365673,123994.000000000000,0.040000000000
1387365673,123994.000000000000,0.040000000000
1387365676,123994.000000000000,0.100000000000
1387365676,123994.000000000000,0.090000000000
1387365693,123994.000000000000,0.160000000000
1387365693,123994.000000000000,0.140000000000
1387365724,123994.000000000000,0.160000000000
1387365724,123994.000000000000,0.140000000000
1387365792,123994.000000000000,0.280000000000
1387365792,123994.000000000000,0.510000000000
1387365792,123997.000000000000,0.020000000000
1387365792,124997.000000000000,0.020000000000
1387365792,124999.000000000000,0.020000000000
1387365792,127998.000000000000,0.020000000000
1387365792,129007.000000000000,0.020000000000
1387365792,130000.000000000000,0.020000000000
1387365792,130000.000000000000,0.030000000000
1387365792,130007.000000000000,0.020000000000
1387365792,130896.000000000000,0.020000000000
1387365792,131007.000000000000,0.030000000000
1387365792,131007.000000000000,0.020000000000
1387365792,131007.000000000000,0.020000000000
1387365792,132006.000000000000,0.440000000000
1387365792,132006.000000000000,0.110000000000
1387365814,132006.000000000000,0.250000000000
1387365814,132006.000000000000,0.060000000000
1387365814,132006.000000000000,0.300000000000
1387365814,132006.000000000000,0.080000000000
1387365849,132006.000000000000,0.040000000000
1387365849,132006.000000000000,0.010000000000
1387365854,132006.000000000000,0.200000000000
1387365854,132006.000000000000,0.050000000000
1387365855,132006.000000000000,0.220000000000
1387365855,132006.000000000000,0.060000000000
1387365872,132006.000000000000,0.190000000000
1387365872,132006.000000000000,0.050000000000
1387365897,132006.000000000000,0.220000000000
1387365897,132006.000000000000,0.050000000000
1387365907,132006.000000000000,0.120000000000
1387365907,132006.000000000000,0.030000000000
1387365908,132006.000000000000,0.070000000000
1387365908,132006.000000000000,0.020000000000
1387365929,132006.000000000000,0.070000000000
1387365929,132006.000000000000,0.020000000000
1387365940,132006.000000000000,0.180000000000
1387365940,132006.000000000000,0.050000000000
1387365941,132006.000000000000,0.110000000000
1387365941,132006.000000000000,0.030000000000
1387365961,132006.000000000000,0.170000000000
1387365961,132006.000000000000,0.040000000000
1387365967,132006.000000000000,0.180000000000
1387365967,132006.000000000000,0.050000000000
1387365967,132006.000000000000,0.220000000000
1387365967,132006.000000000000,0.050000000000
1387365977,132006.000000000000,0.030000000000
1387365977,132006.000000000000,0.010000000000
1387366016,132006.000000000000,0.080000000000
1387366016,132006.000000000000,0.020000000000
1387366039,132006.000000000000,1.480000000000
1387366063,132007.000000000000,0.020000000000
1387366063,133007.000000000000,0.020000000000
1387366063,134007.000000000000,0.020000000000
1387366063,135000.000000000000,0.080000000000
1387366063,135000.000000000000,0.130000000000
1387366063,132006.000000000000,1.480000000000
1387366068,132006.000000000000,0.020000000000
1387366068,135000.000000000000,0.050000000000
1387366068,135000.000000000000,0.010000000000
1387366109,134999.000000000000,0.130000000000
1387366109,134999.000000000000,0.030000000000
1387366166,124020.000000000000,0.880000000000
1387366166,124019.000000000000,0.500000000000
1387366166,124015.000000000000,0.020000000000
1387366167,124007.000000000000,0.020000000000
1387366167,124003.000000000000,0.020000000000
1387366167,124002.000000000000,0.020000000000
1387366167,124001.000000000000,0.020000000000
1387366176,120781.000000000000,0.260000000000
1387366181,120000.000000000000,0.100000000000
1387366181,120000.000000000000,0.110000000000
1387366186,120000.000000000000,0.480000000000
1387366186,120000.000000000000,0.520000000000
1387366238,120001.000000000000,0.140000000000
1387366238,120000.000000000000,0.200000000000
1387366257,134989.000000000000,0.030000000000
1387366257,134989.000000000000,0.010000000000
1387366336,134982.000000000000,0.220000000000
1387366336,134982.000000000000,0.050000000000
1387366343,133000.000000000000,0.710000000000
1387366343,133000.000000000000,0.180000000000
1387366381,132499.000000000000,0.070000000000
1387366381,132499.000000000000,0.020000000000
1387366414,131000.000000000000,0.020000000000
1387366424,130997.000000000000,0.180000000000
1387366430,130997.000000000000,0.130000000000
1387366440,130996.000000000000,0.180000000000
1387366447,130996.000000000000,0.200000000000
1387366447,130998.000000000000,0.260000000000
1387366447,130999.000000000000,0.240000000000
1387366448,130999.000000000000,0.280000000000
1387366518,130994.000000000000,0.140000000000
1387366554,130007.000000000000,0.020000000000
1387366554,130996.000000000000,0.260000000000
1387366563,130007.000000000000,0.020000000000
1387366579,130996.000000000000,0.030000000000
1387366600,130007.000000000000,0.050000000000
1387366600,130000.000000000000,0.120000000000
1387366602,130000.000000000000,0.030000000000
1387366602,130000.000000000000,0.010000000000
1387366640,129989.000000000000,0.030000000000
1387366640,129989.000000000000,0.010000000000
1387366657,129986.000000000000,0.220000000000
1387366657,129986.000000000000,0.060000000000
1387366728,128000.000000000000,0.020000000000
1387366738,127007.000000000000,0.020000000000
1387366738,128000.000000000000,0.200000000000
1387366738,128000.000000000000,0.050000000000
1387366741,128000.000000000000,0.150000000000
1387366741,128000.000000000000,0.040000000000
1387366749,128000.000000000000,0.080000000000
1387366749,128000.000000000000,0.020000000000
1387366770,118003.000000000000,0.020000000000
1387366770,118001.000000000000,0.170000000000
1387366770,118001.000000000000,0.210000000000
1387366770,118000.000000000000,0.240000000000
1387366770,118000.000000000000,0.300000000000
1387366770,117065.000000000000,0.020000000000
1387366770,116004.000000000000,0.020000000000
1387366770,116003.000000000000,0.020000000000
1387366770,116001.000000000000,0.120000000000
1387366770,116001.000000000000,0.150000000000
1387366770,116000.000000000000,0.130000000000
1387366770,116000.000000000000,0.160000000000
1387366770,115251.000000000000,0.190000000000
1387366770,115251.000000000000,0.240000000000
1387366770,115250.000000000000,0.210000000000
1387366770,115250.000000000000,0.260000000000
1387366770,115234.000000000000,0.080000000000
1387366770,115234.000000000000,0.100000000000
1387366770,115233.000000000000,0.130000000000
1387366770,115233.000000000000,0.110000000000
1387366770,115233.000000000000,0.050000000000
1387366770,115232.000000000000,2.560000000000
1387366770,115232.000000000000,1.880000000000
1387366799,124998.000000000000,0.040000000000
1387366799,124998.000000000000,0.010000000000
1387366937,124989.000000000000,0.150000000000
1387366937,124989.000000000000,0.040000000000
1387366959,124997.000000000000,0.080000000000
1387366959,124997.000000000000,0.040000000000
1387366989,124992.000000000000,0.190000000000
1387366989,124992.000000000000,0.210000000000
1387367001,124991.000000000000,0.020000000000
1387367001,124992.000000000000,0.030000000000
1387367001,124992.000000000000,0.040000000000
1387367001,124997.000000000000,0.110000000000
1387367001,124997.000000000000,0.100000000000
1387367015,124997.000000000000,0.030000000000
1387367015,124997.000000000000,0.010000000000
1387367036,124997.000000000000,0.080000000000
1387367036,124997.000000000000,0.040000000000
1387367040,124997.000000000000,0.080000000000
1387367040,124997.000000000000,0.100000000000
1387367040,124998.000000000000,0.080000000000
1387367040,124998.000000000000,0.020000000000
1387367062,124997.000000000000,0.070000000000
1387367062,124997.000000000000,0.090000000000
1387367062,124998.000000000000,0.010000000000
1387367092,124995.000000000000,0.080000000000
1387367092,124995.000000000000,0.100000000000
1387367092,124997.000000000000,0.010000000000
1387367109,124997.000000000000,0.070000000000
1387367109,124997.000000000000,0.080000000000
1387367109,124998.000000000000,0.090000000000
1387367109,124998.000000000000,0.020000000000
1387367179,116016.000000000000,0.080000000000
1387367179,116016.000000000000,0.020000000000
1387367204,124995.000000000000,0.020000000000
1387367204,124997.000000000000,0.060000000000
1387367204,124997.000000000000,0.010000000000
1387367227,124997.000000000000,0.040000000000
1387367227,124997.000000000000,0.010000000000
1387367309,124997.000000000000,0.050000000000
1387367309,124997.000000000000,0.070000000000
1387367310,124998.000000000000,0.050000000000
1387367310,124998.000000000000,0.010000000000
1387367381,127007.000000000000,0.020000000000
1387367381,127999.000000000000,0.120000000000
1387367381,127999.000000000000,0.030000000000
1387367406,127998.000000000000,0.100000000000
1387367406,127998.000000000000,0.020000000000
1387367461,127998.000000000000,0.100000000000
1387367461,127998.000000000000,0.070000000000
1387367482,127000.000000000000,0.080000000000
1387367482,127000.000000000000,0.020000000000
1387367500,127000.000000000000,0.190000000000
1387367500,127000.000000000000,0.050000000000
1387367544,126999.000000000000,0.050000000000
1387367544,127000.000000000000,0.150000000000
1387367544,127000.000000000000,0.040000000000
1387367577,127000.000000000000,0.140000000000
1387367577,127000.000000000000,0.040000000000
1387367593,127000.000000000000,0.140000000000
1387367593,127000.000000000000,0.040000000000
1387367602,126900.000000000000,0.090000000000
1387367602,126900.000000000000,0.020000000000
1387367620,126900.000000000000,0.220000000000
1387367620,126900.000000000000,0.280000000000
1387367620,127000.000000000000,0.540000000000
1387367620,127000.000000000000,0.170000000000
1387367620,127000.000000000000,0.500000000000
1387367620,127007.000000000000,0.020000000000
1387367620,128000.000000000000,0.510000000000
1387367620,128000.000000000000,0.640000000000
1387367620,129007.000000000000,0.020000000000
1387367620,129991.000000000000,0.090000000000
1387367620,129991.000000000000,0.110000000000
1387367620,130000.000000000000,0.130000000000
1387367620,130000.000000000000,0.170000000000
1387367620,132007.000000000000,0.020000000000
1387367620,135000.000000000000,0.280000000000
1387367620,135000.000000000000,0.190000000000
1387367620,135000.000000000000,0.160000000000
1387367620,137000.000000000000,0.020000000000
1387367620,137000.000000000000,0.030000000000
1387367620,138000.000000000000,0.020000000000
1387367620,138000.000000000000,0.010000000000
1387367656,138000.000000000000,0.030000000000
1387367656,138000.000000000000,0.010000000000
1387367670,137007.000000000000,0.020000000000
1387367670,138000.000000000000,0.180000000000
1387367670,138000.000000000000,0.050000000000
1387367681,138000.000000000000,0.210000000000
1387367681,138000.000000000000,0.050000000000
1387367693,137900.000000000000,0.160000000000
1387367693,137900.000000000000,0.140000000000
1387367704,137900.000000000000,0.050000000000
1387367704,137900.000000000000,0.060000000000
1387367704,138000.000000000000,0.130000000000
1387367704,138000.000000000000,0.030000000000
1387367711,137007.000000000000,0.020000000000
1387367711,138000.000000000000,0.070000000000
1387367711,138000.000000000000,0.020000000000
1387367720,138000.000000000000,0.510000000000
1387367720,138000.000000000000,0.430000000000
1387367730,138000.000000000000,0.070000000000
1387367730,138000.000000000000,0.020000000000
1387367735,138000.000000000000,0.090000000000
1387367735,138000.000000000000,0.020000000000
1387367770,137007.000000000000,0.020000000000
1387367770,138000.000000000000,0.030000000000
1387367770,138000.000000000000,0.010000000000
1387367775,138000.000000000000,0.130000000000
1387367775,138000.000000000000,0.040000000000
1387367782,138000.000000000000,0.120000000000
1387367782,138200.000000000000,0.010000000000
1387367804,137007.000000000000,0.020000000000
1387367804,138200.000000000000,0.000000000000
1387367811,137000.000000000000,0.020000000000
1387367828,138200.000000000000,0.020000000000
1387367851,138200.000000000000,0.170000000000
1387367851,140990.000000000000,0.000000000000
1387367883,139007.000000000000,0.020000000000
1387367883,140000.000000000000,0.140000000000
1387367890,140000.000000000000,0.220000000000
1387367901,138200.000000000000,0.020000000000
1387367915,140000.000000000000,0.030000000000
1387367958,139999.000000000000,0.170000000000
1387367966,139999.000000000000,0.090000000000
1387367968,139999.000000000000,0.250000000000
1387367973,138200.000000000000,0.050000000000
1387367990,139999.000000000000,0.230000000000
1387368061,139999.000000000000,0.760000000000
1387368063,139999.000000000000,0.020000000000
1387368085,140006.000000000000,0.060000000000
1387368133,139999.000000000000,0.020000000000
1387368136,140000.000000000000,0.020000000000
1387368136,140006.000000000000,0.130000000000
1387368192,140006.000000000000,0.030000000000
1387368199,140006.000000000000,1.280000000000
1387368199,140007.000000000000,0.020000000000
1387368206,140007.000000000000,0.020000000000
1387368217,140985.000000000000,0.080000000000
1387368244,140985.000000000000,0.260000000000
1387368330,140007.000000000000,0.430000000000
1387368330,140000.000000000000,0.070000000000
1387368331,140985.000000000000,0.600000000000
1387368331,140985.000000000000,1.170000000000
1387368331,141000.000000000000,0.800000000000
1387368331,144000.000000000000,0.490000000000
1387368331,144000.000000000000,0.680000000000
1387368422,143007.000000000000,0.050000000000
1387368422,143999.000000000000,0.070000000000
1387368422,143999.000000000000,0.130000000000
1387368449,143999.000000000000,0.020000000000
1387368449,143999.000000000000,0.040000000000
1387368455,143999.000000000000,0.050000000000
1387368455,143999.000000000000,0.100000000000
1387368476,143999.000000000000,0.090000000000
1387368476,143999.000000000000,0.180000000000
1387368505,143007.000000000000,0.050000000000
1387368505,144000.000000000000,0.040000000000
1387368505,144000.000000000000,0.130000000000
1387368505,144999.000000000000,0.020000000000
1387368550,144007.000000000000,0.030000000000
1387368652,140985.000000000000,0.040000000000
1387368652,140985.000000000000,0.310000000000
1387368672,143990.000000000000,0.050000000000
1387368672,144007.000000000000,0.020000000000
1387368701,144007.000000000000,0.090000000000
1387368701,140985.000000000000,0.080000000000
1387368701,140985.000000000000,0.120000000000
1387368712,145000.000000000000,0.030000000000
1387368712,146999.000000000000,0.010000000000
1387368720,146999.000000000000,0.330000000000
1387368720,146999.000000000000,0.080000000000
1387368732,147000.000000000000,0.130000000000
1387368732,147000.000000000000,0.030000000000
1387368747,147000.000000000000,0.770000000000
1387368747,149990.000000000000,0.620000000000
1387368761,149991.000000000000,0.030000000000
1387368761,149991.000000000000,0.010000000000
1387368784,149991.000000000000,0.190000000000
1387368784,149991.000000000000,0.050000000000
1387368807,149991.000000000000,0.180000000000
1387368807,149991.000000000000,0.050000000000
1387368819,149991.000000000000,0.230000000000
1387368824,149991.000000000000,0.670000000000
1387368824,150000.000000000000,0.030000000000
1387368824,150000.000000000000,0.210000000000
1387368824,150000.000000000000,0.800000000000
1387368824,152500.000000000000,0.020000000000
1387368824,153000.000000000000,0.070000000000
1387368829,153000.000000000000,0.070000000000
1387368888,152999.000000000000,0.550000000000
1387368894,152999.000000000000,0.330000000000
1387368915,153000.000000000000,0.660000000000
1387368915,154000.000000000000,0.100000000000
1387368915,154000.000000000000,0.100000000000
1387368915,154000.000000000000,0.100000000000
1387368915,154000.000000000000,0.100000000000
1387368915,154000.000000000000,0.010000000000
1387368939,154000.000000000000,0.090000000000
1387368939,154000.000000000000,0.010000000000
1387368941,154000.000000000000,0.090000000000
1387368941,154000.000000000000,0.020000000000
1387368942,153999.000000000000,0.160000000000
1387368961,149993.000000000000,0.020000000000
1387368977,153007.000000000000,0.050000000000
1387368977,153999.000000000000,0.100000000000
1387369015,149992.000000000000,0.030000000000
1387369015,149992.000000000000,0.020000000000
1387369015,149992.000000000000,0.000000000000
1387369022,153997.000000000000,0.020000000000
1387369022,153999.000000000000,0.150000000000
1387369028,153999.000000000000,0.250000000000
1387369053,153999.000000000000,0.220000000000
1387369060,149992.000000000000,0.090000000000
1387369060,149992.000000000000,0.070000000000
1387369080,153995.000000000000,0.050000000000
1387369080,153995.000000000000,0.110000000000
1387369090,153007.000000000000,0.050000000000
1387369090,153995.000000000000,0.010000000000
1387369157,149992.000000000000,0.020000000000
1387369157,149992.000000000000,0.010000000000
1387369174,150000.000000000000,0.120000000000
1387369223,149999.000000000000,0.080000000000
1387369240,149991.000000000000,0.090000000000
1387369240,140987.000000000000,0.260000000000
1387369240,140987.000000000000,0.070000000000
1387369240,149999.000000000000,0.120000000000
1387369240,149999.000000000000,0.030000000000
1387369249,149007.000000000000,0.040000000000
1387369250,149007.000000000000,0.050000000000
1387369250,149998.000000000000,0.050000000000
1387369250,149998.000000000000,0.070000000000
1387369250,149999.000000000000,0.350000000000
1387369266,140986.000000000000,0.090000000000
1387369266,140986.000000000000,0.020000000000
1387369266,140986.000000000000,0.000000000000
1387369313,146997.000000000000,0.060000000000
1387369313,146997.000000000000,0.070000000000
1387369313,146999.000000000000,0.010000000000
1387369325,146999.000000000000,0.040000000000
1387369325,146999.000000000000,0.010000000000
1387369345,146999.000000000000,1.480000000000
1387369371,146999.000000000000,0.250000000000
1387369411,146999.000000000000,0.100000000000
1387369411,146999.000000000000,0.030000000000
1387369439,146999.000000000000,0.210000000000
1387369478,146999.000000000000,0.390000000000
1387369558,152600.000000000000,0.100000000000
1387369558,153006.000000000000,0.040000000000
1387369558,153006.000000000000,0.010000000000
1387369621,152007.000000000000,0.040000000000
1387369629,152007.000000000000,0.010000000000
1387369629,153006.000000000000,0.150000000000
1387369743,149999.000000000000,0.230000000000
1387369772,149999.000000000000,0.110000000000
1387369800,149999.000000000000,0.040000000000
1387369878,142005.000000000000,0.040000000000
1387369878,142005.000000000000,0.010000000000
1387369896,149999.000000000000,0.050000000000
1387369896,149999.000000000000,0.010000000000
1387369907,149999.000000000000,0.150000000000
1387369918,149999.000000000000,0.300000000000
1387369937,149999.000000000000,0.100000000000
1387369940,149999.000000000000,0.230000000000
1387369958,149999.000000000000,0.050000000000
1387370014,149999.000000000000,0.120000000000
1387370035,149999.000000000000,0.080000000000
1387370057,149999.000000000000,0.150000000000
1387370103,149999.000000000000,0.250000000000
1387370115,149999.000000000000,0.150000000000
1387370126,149999.000000000000,0.240000000000
1387370143,149999.000000000000,0.140000000000
1387370190,149999.000000000000,0.100000000000
1387370221,146999.000000000000,0.040000000000
1387370265,149999.000000000000,0.140000000000
1387370302,149999.000000000000,0.150000000000
1387370348,149999.000000000000,0.120000000000
1387370353,149999.000000000000,0.160000000000
1387370371,149999.000000000000,0.110000000000
1387370379,149999.000000000000,0.140000000000
1387370489,149499.000000000000,0.230000000000
1387370546,149449.000000000000,0.110000000000
1387370570,152999.000000000000,0.030000000000
1387370594,152999.000000000000,0.040000000000
1387370627,149999.000000000000,0.160000000000
1387370668,152006.000000000000,0.060000000000
1387370706,147726.000000000000,0.750000000000
1387370706,147726.000000000000,0.280000000000
1387370706,147726.000000000000,0.110000000000
1387370908,150005.000000000000,0.030000000000
1387370908,150005.000000000000,0.290000000000
1387370908,150007.000000000000,0.050000000000
1387370908,150999.000000000000,0.550000000000
1387370908,150999.000000000000,1.480000000000
1387370927,150500.000000000000,0.150000000000
1387370966,147723.000000000000,0.150000000000
1387370979,147723.000000000000,0.050000000000
1387371027,147723.000000000000,0.020000000000
1387371038,147723.000000000000,0.070000000000
1387371044,147723.000000000000,0.010000000000
1387371044,149998.000000000000,0.030000000000
1387371117,149899.000000000000,0.030000000000
1387371117,149899.000000000000,0.090000000000
1387371210,149007.000000000000,0.050000000000
1387371210,149899.000000000000,0.040000000000
1387371220,149899.000000000000,0.020000000000
1387371220,149899.000000000000,0.060000000000
1387371255,149899.000000000000,0.040000000000
1387371255,149899.000000000000,0.110000000000
1387371273,149899.000000000000,0.020000000000
1387371274,149899.000000000000,0.800000000000
1387371274,149899.000000000000,0.040000000000
1387371310,149899.000000000000,0.040000000000
1387371310,149899.000000000000,0.110000000000
1387371324,149899.000000000000,0.610000000000
1387371354,146999.000000000000,0.030000000000
1387371354,146999.000000000000,0.020000000000
1387371368,149899.000000000000,0.040000000000
1387371417,149899.000000000000,0.050000000000
1387371444,149899.000000000000,0.200000000000
1387371461,149899.000000000000,0.150000000000
1387371464,149899.000000000000,0.240000000000
1387371485,142001.000000000000,0.550000000000
1387371486,142001.000000000000,1.050000000000
1387371498,142000.000000000000,0.030000000000
1387371498,142000.000000000000,0.210000000000
1387371500,142000.000000000000,0.090000000000
1387371509,142000.000000000000,0.170000000000
1387371512,142000.000000000000,0.420000000000
1387371529,142000.000000000000,0.590000000000
1387371531,142000.000000000000,0.420000000000
1387371539,142000.000000000000,1.070000000000
1387371554,142000.000000000000,0.010000000000
1387371554,142001.000000000000,0.010000000000
1387371575,142000.000000000000,0.020000000000
1387371601,141997.000000000000,0.040000000000
1387371601,141997.000000000000,0.100000000000
1387371614,141003.000000000000,0.050000000000
1387371614,141000.000000000000,0.020000000000
1387371614,141000.000000000000,1.930000000000
1387371724,141000.000000000000,0.070000000000
1387371724,140991.000000000000,0.230000000000
1387371760,140991.000000000000,0.300000000000
1387371760,140991.000000000000,0.080000000000
1387371797,149796.000000000000,0.270000000000
1387371797,149796.000000000000,0.070000000000
1387371805,149796.000000000000,0.220000000000
1387371829,149793.000000000000,0.030000000000
1387371829,149793.000000000000,0.010000000000
1387371844,149791.000000000000,0.170000000000
1387371862,149795.000000000000,0.200000000000
1387371885,149793.000000000000,0.060000000000
1387371892,141005.000000000000,0.500000000000
1387371892,141004.000000000000,0.000000000000
1387371898,149791.000000000000,0.500000000000
1387371898,149792.000000000000,0.350000000000
1387371909,149792.000000000000,0.040000000000
1387372032,141010.000000000000,0.290000000000
1387372032,141010.000000000000,0.070000000000
1387372061,149794.000000000000,0.030000000000
1387372061,149794.000000000000,0.010000000000
1387372073,149794.000000000000,0.050000000000
1387372073,149794.000000000000,0.060000000000
1387372073,149795.000000000000,0.020000000000
1387372073,149795.000000000000,0.010000000000
1387372081,141113.000000000000,0.500000000000
1387372081,141112.000000000000,0.000000000000
1387372170,145000.000000000000,0.170000000000
1387372170,145000.000000000000,0.150000000000
1387372190,144999.000000000000,0.030000000000
1387372190,144999.000000000000,0.020000000000
1387372192,144999.000000000000,0.070000000000
1387372238,144990.000000000000,0.240000000000
1387372243,141111.000000000000,0.250000000000
1387372243,141111.000000000000,0.460000000000
1387372251,144989.000000000000,0.050000000000
1387372251,144989.000000000000,0.020000000000
1387372251,144993.000000000000,0.160000000000
1387372264,144992.000000000000,0.350000000000
1387372268,141111.000000000000,0.090000000000
1387372268,141111.000000000000,0.030000000000
1387372268,141111.000000000000,0.030000000000
1387372304,144989.000000000000,0.030000000000
1387372312,144987.000000000000,0.050000000000
1387372312,144987.000000000000,0.090000000000
1387372312,144989.000000000000,0.010000000000
1387372338,144987.000000000000,0.210000000000
1387372411,144987.000000000000,0.030000000000
1387372411,144987.000000000000,0.020000000000
1387372429,144987.000000000000,0.020000000000
1387372430,144987.000000000000,0.020000000000
1387372430,144988.000000000000,0.120000000000
1387372588,148990.000000000000,0.080000000000
1387372623,148989.000000000000,0.070000000000
1387372658,148989.000000000000,0.110000000000
1387372658,148990.000000000000,0.040000000000
1387372781,147998.000000000000,0.120000000000
1387372812,147998.000000000000,0.020000000000
1387372834,147999.000000000000,0.040000000000
1387372936,147999.000000000000,0.030000000000
1387372968,147999.000000000000,0.170000000000
1387373054,147999.000000000000,0.150000000000
1387373054,147999.000000000000,0.010000000000
1387373101,148989.000000000000,0.030000000000
1387373119,147998.000000000000,0.120000000000
1387373132,142000.000000000000,0.210000000000
1387373132,142000.000000000000,0.260000000000
1387373132,141050.000000000000,0.150000000000
1387373132,140991.000000000000,0.550000000000
1387373132,140991.000000000000,0.690000000000
1387373132,140985.000000000000,0.110000000000
1387373132,140985.000000000000,0.030000000000
1387373135,147998.000000000000,0.120000000000
1387373135,147998.000000000000,0.030000000000
1387373149,147998.000000000000,0.080000000000
1387373149,147998.000000000000,0.020000000000
1387373156,147997.000000000000,0.030000000000
1387373156,147997.000000000000,0.010000000000
1387373162,147997.000000000000,0.120000000000
1387373162,147997.000000000000,0.030000000000
1387373176,147997.000000000000,0.080000000000
1387373176,147997.000000000000,0.020000000000
1387373190,147996.000000000000,0.130000000000
1387373190,147996.000000000000,0.030000000000
1387373230,147996.000000000000,0.050000000000
1387373231,147996.000000000000,0.010000000000
1387373236,147996.000000000000,0.020000000000
1387373246,147996.000000000000,0.030000000000
1387373247,147996.000000000000,0.010000000000
1387373258,146999.000000000000,0.090000000000
1387373258,146999.000000000000,0.020000000000
1387373258,146999.000000000000,0.140000000000
1387373258,146999.000000000000,0.040000000000
1387373278,146999.000000000000,0.250000000000
1387373294,146999.000000000000,0.090000000000
1387373318,146998.000000000000,1.000000000000
1387373318,146999.000000000000,1.080000000000
1387373335,146924.000000000000,0.710000000000
1387373351,146924.000000000000,0.220000000000
1387373360,146924.000000000000,0.040000000000
1387373377,146924.000000000000,0.030000000000
1387373378,146924.000000000000,0.030000000000
1387373378,146925.000000000000,0.020000000000
1387373378,146998.000000000000,0.080000000000
1387373427,146996.000000000000,0.080000000000
1387373483,146994.000000000000,0.180000000000
1387373556,146498.000000000000,0.620000000000
1387373558,141003.000000000000,0.020000000000
1387373563,146497.000000000000,0.050000000000
1387373574,146497.000000000000,0.160000000000
1387373575,146497.000000000000,0.070000000000
1387373603,146494.000000000000,0.110000000000
1387373604,146494.000000000000,0.150000000000
1387373640,146499.000000000000,0.160000000000
1387373644,146499.000000000000,0.170000000000
1387373656,146498.000000000000,0.130000000000
1387373752,146494.000000000000,0.070000000000
1387373755,146494.000000000000,0.090000000000
1387373770,146494.000000000000,0.050000000000
1387373781,146494.000000000000,0.040000000000
1387373801,146492.000000000000,0.020000000000
1387373801,146494.000000000000,0.040000000000
1387373808,146496.000000000000,0.060000000000
1387373808,146500.000000000000,0.090000000000
1387373839,146495.000000000000,0.240000000000
1387373919,146500.000000000000,0.030000000000
1387373933,146500.000000000000,0.090000000000
1387374000,146500.000000000000,0.160000000000
1387374003,146500.000000000000,0.070000000000
1387374066,146500.000000000000,0.120000000000
1387374126,146500.000000000000,0.250000000000
1387374193,146500.000000000000,0.050000000000
1387374197,146500.000000000000,0.050000000000
1387374217,146500.000000000000,0.260000000000
1387374274,141009.000000000000,0.380000000000
1387374274,141009.000000000000,0.510000000000
1387374322,141009.000000000000,0.160000000000
1387374334,141009.000000000000,0.640000000000
1387374359,141006.000000000000,0.550000000000
1387374376,141000.000000000000,0.080000000000
1387374379,141000.000000000000,0.370000000000
1387374379,141009.000000000000,0.630000000000
1387374416,141009.000000000000,0.090000000000
1387374416,141009.000000000000,0.260000000000
1387374432,141009.000000000000,0.330000000000
1387374432,146500.000000000000,0.070000000000
1387374472,146498.000000000000,0.070000000000
1387374515,146498.000000000000,0.100000000000
1387374524,146000.000000000000,0.160000000000
1387374526,146000.000000000000,0.100000000000
1387374597,146000.000000000000,0.020000000000
1387374609,146000.000000000000,0.730000000000
1387374677,146498.000000000000,0.060000000000
1387374677,146500.000000000000,0.090000000000
1387374692,146500.000000000000,0.590000000000
1387374699,146500.000000000000,0.090000000000
1387374739,146500.000000000000,0.130000000000
1387374820,141009.000000000000,0.050000000000
1387374843,146500.000000000000,0.250000000000
1387374869,145998.000000000000,0.020000000000
1387374897,146500.000000000000,0.140000000000
1387374917,146500.000000000000,0.000000000000
1387374917,146500.000000000000,0.210000000000
1387374945,147000.000000000000,0.160000000000
1387374996,147000.000000000000,0.100000000000
1387375038,147998.000000000000,0.250000000000
1387375068,147998.000000000000,0.060000000000
1387375068,148000.000000000000,0.030000000000
1387375088,148000.000000000000,0.160000000000
1387375104,148000.000000000000,0.020000000000
1387375114,148000.000000000000,0.150000000000
1387375183,149000.000000000000,0.050000000000
1387375183,149991.000000000000,0.100000000000
1387375229,149991.000000000000,0.040000000000
1387375257,149991.000000000000,0.030000000000
1387375260,149991.000000000000,0.070000000000
1387375332,149991.000000000000,0.150000000000
1387375357,149991.000000000000,0.150000000000
1387375386,149991.000000000000,0.150000000000
1387375423,149991.000000000000,0.140000000000
1387375425,149991.000000000000,0.410000000000
1387375529,152500.000000000000,0.200000000000
1387375624,152500.000000000000,0.150000000000
1387375666,152500.000000000000,0.220000000000
1387375693,150000.000000000000,0.140000000000
1387375718,150000.000000000000,0.140000000000
1387375742,150000.000000000000,0.060000000000
1387375750,150000.000000000000,2.000000000000
1387375791,152500.000000000000,0.070000000000
1387375791,153900.000000000000,0.070000000000
1387375810,153900.000000000000,0.150000000000
1387375813,153900.000000000000,0.150000000000
1387375813,153900.000000000000,0.090000000000
1387375877,153900.000000000000,0.150000000000
1387375887,153900.000000000000,0.050000000000
1387375899,150001.000000000000,0.260000000000
1387375899,149991.000000000000,0.180000000000
1387375899,147500.000000000000,0.230000000000
1387375899,147500.000000000000,0.750000000000
1387375922,153900.000000000000,0.220000000000
1387375962,152000.000000000000,0.100000000000
1387375962,153900.000000000000,0.040000000000
1387376015,153898.000000000000,0.220000000000
1387376032,153799.000000000000,0.040000000000
1387376033,153801.000000000000,0.050000000000
1387376041,153801.000000000000,0.220000000000
1387376048,153801.000000000000,0.240000000000
1387376068,153801.000000000000,0.150000000000
1387376092,153801.000000000000,0.150000000000
1387376135,153801.000000000000,0.290000000000
1387376195,153000.000000000000,0.050000000000
1387376225,153000.000000000000,0.060000000000
1387376270,153400.000000000000,0.030000000000
1387376274,153801.000000000000,0.230000000000
1387376277,153801.000000000000,0.100000000000
1387376312,153801.000000000000,0.100000000000
1387376320,153801.000000000000,0.150000000000
1387376358,153801.000000000000,0.060000000000
1387376396,153400.000000000000,0.150000000000
1387376419,153900.000000000000,0.220000000000
1387376449,153000.000000000000,0.120000000000
1387376497,153900.000000000000,0.150000000000
1387376504,153899.000000000000,0.150000000000
1387376551,153899.000000000000,0.020000000000
1387376574,152000.000000000000,0.180000000000
1387376608,153899.000000000000,0.020000000000
1387376622,150001.000000000000,0.200000000000
1387376628,153899.000000000000,0.040000000000
1387376630,153899.000000000000,0.220000000000
1387376642,153899.000000000000,0.090000000000
1387376655,153899.000000000000,0.070000000000
1387376745,152997.000000000000,0.070000000000
1387376767,152999.000000000000,0.200000000000
1387376775,150000.000000000000,0.050000000000
1387376775,147517.000000000000,0.690000000000
1387376775,147510.000000000000,0.000000000000
1387376845,152997.000000000000,0.130000000000
1387376845,152999.000000000000,0.020000000000
1387376902,152999.000000000000,0.040000000000
1387376915,152999.000000000000,0.040000000000
1387376915,152999.000000000000,0.300000000000
1387376915,153900.000000000000,0.020000000000
1387376933,153900.000000000000,0.080000000000
1387376933,153900.000000000000,0.060000000000
1387376942,153900.000000000000,0.440000000000
1387376942,154000.000000000000,0.080000000000
1387376942,154000.000000000000,0.000000000000
1387376995,153900.000000000000,0.060000000000
1387377002,153900.000000000000,0.190000000000
1387377016,153900.000000000000,0.030000000000
1387377027,153900.000000000000,0.230000000000
1387377027,154000.000000000000,0.040000000000
1387377030,154000.000000000000,0.060000000000
1387377030,154000.000000000000,0.100000000000
1387377030,154000.000000000000,0.100000000000
1387377030,154000.000000000000,0.100000000000
1387377030,154000.000000000000,0.100000000000
1387377030,154000.000000000000,0.100000000000
1387377030,154000.000000000000,0.030000000000
1387377047,153900.000000000000,0.580000000000
1387377072,153900.000000000000,0.020000000000
1387377072,153900.000000000000,0.130000000000
1387377098,153900.000000000000,0.150000000000
1387377174,152999.000000000000,0.100000000000
1387377182,152999.000000000000,0.110000000000
1387377199,152999.000000000000,0.030000000000
1387377311,152999.000000000000,0.060000000000
1387377311,152999.000000000000,0.160000000000
1387377336,152999.000000000000,0.070000000000
1387377363,152999.000000000000,0.070000000000
1387377393,153899.000000000000,0.150000000000
1387377397,153899.000000000000,0.150000000000
1387377407,152999.000000000000,0.050000000000
1387377474,152999.000000000000,0.160000000000
1387377598,152997.000000000000,0.110000000000
1387377606,152997.000000000000,0.220000000000
1387377642,151999.000000000000,0.030000000000
1387377680,148001.000000000000,0.100000000000
1387377715,151999.000000000000,0.080000000000
1387377721,151999.000000000000,0.150000000000
1387377738,150999.000000000000,0.020000000000
1387377759,150999.000000000000,0.120000000000
1387377799,150997.000000000000,0.030000000000
1387377811,150997.000000000000,0.070000000000
1387377811,150999.000000000000,0.030000000000
1387378000,149999.000000000000,0.210000000000
1387378055,149999.000000000000,0.020000000000
1387378055,150998.000000000000,0.130000000000
1387378131,148000.000000000000,0.140000000000
1387378179,148000.000000000000,2.110000000000
1387378198,149998.000000000000,0.180000000000
1387378229,148999.000000000000,0.060000000000
1387378278,147511.000000000000,0.060000000000
1387378331,147511.000000000000,0.080000000000
1387378395,147999.000000000000,0.150000000000
1387378463,147511.000000000000,0.020000000000
1387378463,147510.000000000000,0.200000000000
1387378480,146999.000000000000,0.080000000000
1387378480,147998.000000000000,0.150000000000
1387378496,146500.000000000000,0.020000000000
1387378496,145000.000000000000,0.010000000000
1387378546,146999.000000000000,0.020000000000
1387378546,147998.000000000000,0.470000000000
1387378555,146999.000000000000,0.040000000000
1387378620,146999.000000000000,0.080000000000
1387378620,147998.000000000000,0.070000000000
1387378636,146999.000000000000,0.300000000000
1387378636,147998.000000000000,0.110000000000
1387378683,147998.000000000000,0.250000000000
1387378687,147998.000000000000,0.150000000000
1387378743,146999.000000000000,0.060000000000
1387378809,146999.000000000000,0.040000000000
1387378833,146999.000000000000,0.020000000000
1387378857,146999.000000000000,0.180000000000
1387378857,146999.000000000000,0.050000000000
1387379000,146999.000000000000,0.110000000000
1387379000,147998.000000000000,0.050000000000
1387379059,146999.000000000000,0.160000000000
1387379135,146999.000000000000,0.040000000000
1387379135,147998.000000000000,0.190000000000
1387379148,147998.000000000000,0.090000000000
1387379159,147998.000000000000,0.160000000000
1387379283,147997.000000000000,0.020000000000
1387379283,147998.000000000000,0.080000000000
1387379328,147998.000000000000,0.150000000000
1387379420,150999.000000000000,0.020000000000
1387379420,151000.000000000000,0.010000000000
1387379497,150999.000000000000,0.020000000000
1387379497,151000.000000000000,0.200000000000
1387379535,150999.000000000000,0.100000000000
1387379554,150999.000000000000,0.340000000000
1387379621,150000.000000000000,0.040000000000
1387379621,150999.000000000000,0.050000000000
1387379621,150999.000000000000,0.120000000000
1387379639,146999.000000000000,0.090000000000
1387379760,149999.000000000000,0.240000000000
1387379764,149999.000000000000,0.090000000000
1387379781,149998.000000000000,0.020000000000
1387379781,149999.000000000000,0.130000000000
1387379926,149999.000000000000,0.050000000000
1387380018,149998.000000000000,0.020000000000
1387380018,149999.000000000000,0.030000000000
1387380038,149999.000000000000,0.080000000000
1387380111,149999.000000000000,0.150000000000
1387380266,149998.000000000000,0.020000000000
1387380266,149999.000000000000,0.100000000000
1387380387,149999.000000000000,0.050000000000
1387380394,149999.000000000000,0.180000000000
1387380403,149999.000000000000,0.480000000000
1387380488,150300.000000000000,0.020000000000
1387380488,150999.000000000000,0.020000000000
1387380488,153800.000000000000,0.100000000000
1387380502,153800.000000000000,0.030000000000
1387380508,153800.000000000000,0.220000000000
1387380532,153800.000000000000,0.030000000000
1387380546,153800.000000000000,0.040000000000
1387380580,153800.000000000000,0.340000000000
1387380585,153800.000000000000,0.090000000000
1387380585,153850.000000000000,0.140000000000
1387380625,153700.000000000000,0.020000000000
1387380625,153850.000000000000,0.040000000000
1387380642,153850.000000000000,0.220000000000
1387380682,153850.000000000000,0.430000000000
1387380700,153850.000000000000,0.050000000000
1387380700,153900.000000000000,0.190000000000
1387380725,153899.000000000000,0.310000000000
1387380733,153899.000000000000,0.060000000000
1387380803,153899.000000000000,0.070000000000
1387380826,153899.000000000000,0.140000000000
1387380889,153899.000000000000,0.160000000000
1387380934,153899.000000000000,0.330000000000
1387380935,153899.000000000000,0.680000000000
1387380954,153899.000000000000,0.040000000000
1387380961,153899.000000000000,0.320000000000
1387380966,153899.000000000000,0.140000000000
1387380966,153899.000000000000,0.100000000000
1387381084,153800.000000000000,0.160000000000
1387381089,153800.000000000000,0.080000000000
1387381091,153800.000000000000,0.150000000000
1387381106,153800.000000000000,0.330000000000
1387381122,153800.000000000000,0.030000000000
1387381149,153800.000000000000,0.220000000000
1387381183,153800.000000000000,0.070000000000
1387381190,150300.000000000000,0.060000000000
1387381190,150300.000000000000,0.020000000000
1387381190,149999.000000000000,0.070000000000
1387381259,153800.000000000000,0.110000000000
1387381373,153700.000000000000,0.020000000000
1387381373,153800.000000000000,0.070000000000
1387381415,153899.000000000000,0.150000000000
1387381503,153899.000000000000,0.140000000000
1387381677,153899.000000000000,0.080000000000
1387381716,153900.000000000000,0.150000000000
1387381746,149999.000000000000,0.080000000000
1387381746,149999.000000000000,0.090000000000
1387381746,147000.000000000000,0.170000000000
1387381812,153900.000000000000,0.070000000000
1387381914,147000.000000000000,0.040000000000
1387381914,146999.000000000000,0.070000000000
1387381914,146999.000000000000,0.370000000000
1387382002,153900.000000000000,0.090000000000
1387382005,153900.000000000000,0.150000000000
1387382009,153900.000000000000,0.020000000000
1387382135,150998.000000000000,0.020000000000
1387382135,150999.000000000000,0.020000000000
1387382196,150999.000000000000,0.240000000000
1387382201,150999.000000000000,0.320000000000
1387382326,146999.000000000000,0.130000000000
1387382326,145000.000000000000,0.120000000000
1387382337,146000.000000000000,0.220000000000
1387382337,149999.000000000000,0.020000000000
1387382337,150000.000000000000,0.000000000000
1387382398,149999.000000000000,0.020000000000
1387382398,150000.000000000000,0.010000000000
1387382405,150000.000000000000,0.120000000000
1387382470,149999.000000000000,0.060000000000
1387382498,145000.000000000000,0.020000000000
1387382498,142003.000000000000,0.050000000000
1387382498,141001.000000000000,0.430000000000
1387382607,148999.000000000000,0.060000000000
1387382628,148999.000000000000,0.120000000000
1387382701,148999.000000000000,0.120000000000
1387382701,148999.000000000000,0.020000000000
1387382701,149999.000000000000,0.070000000000
1387382727,141002.000000000000,0.390000000000
1387382727,141001.000000000000,0.110000000000
1387382738,149998.000000000000,0.080000000000
1387382787,149998.000000000000,0.220000000000
1387382813,147000.000000000000,0.100000000000
1387382922,149998.000000000000,0.100000000000
1387382922,149998.000000000000,0.020000000000
1387382946,149999.000000000000,0.160000000000
1387382967,149999.000000000000,0.010000000000
1387382967,149999.000000000000,0.220000000000
1387383031,149999.000000000000,0.150000000000
1387383134,149999.000000000000,0.070000000000
1387383173,149999.000000000000,0.030000000000
1387383231,149999.000000000000,0.040000000000
1387383231,150000.000000000000,0.440000000000
1387383311,149999.000000000000,0.030000000000
1387383334,149999.000000000000,0.150000000000
1387383367,149999.000000000000,0.060000000000
1387383395,149999.000000000000,0.160000000000
1387383414,149999.000000000000,0.160000000000
1387383426,149999.000000000000,0.080000000000
1387383460,149999.000000000000,0.050000000000
1387383495,149999.000000000000,0.230000000000
1387383535,149999.000000000000,0.110000000000
1387383535,150000.000000000000,0.110000000000
1387383575,150000.000000000000,0.140000000000
1387383575,150000.000000000000,0.010000000000
1387383599,150000.000000000000,0.010000000000
1387383599,150500.000000000000,0.390000000000
1387383626,150500.000000000000,0.110000000000
1387383626,150999.000000000000,0.040000000000
1387383655,150999.000000000000,0.040000000000
1387383658,150999.000000000000,0.020000000000
1387383663,150999.000000000000,0.100000000000
1387383667,149998.000000000000,0.110000000000
1387383697,149998.000000000000,0.150000000000
1387383717,149998.000000000000,0.040000000000
1387383717,149998.000000000000,0.080000000000
1387383737,149998.000000000000,0.120000000000
1387383737,150999.000000000000,0.130000000000
1387383755,150999.000000000000,0.040000000000
1387383784,150999.000000000000,0.160000000000
1387383806,150999.000000000000,0.440000000000
1387383819,150999.000000000000,0.030000000000
1387383846,150999.000000000000,0.120000000000
1387383853,150999.000000000000,0.230000000000
1387383906,149999.000000000000,0.160000000000
1387383939,149999.000000000000,0.070000000000
1387383983,149999.000000000000,0.070000000000
1387383983,150999.000000000000,0.090000000000
1387383993,150999.000000000000,0.020000000000
1387384001,150999.000000000000,0.060000000000
1387384013,150999.000000000000,0.110000000000
1387384078,150999.000000000000,0.150000000000
1387384144,150999.000000000000,0.140000000000
1387384144,151000.000000000000,0.010000000000
1387384156,151000.000000000000,0.160000000000
1387384164,151000.000000000000,0.230000000000
1387384178,151000.000000000000,0.110000000000
1387384178,151500.000000000000,0.040000000000
1387384194,151000.000000000000,0.070000000000
1387384201,151000.000000000000,0.230000000000
1387384201,151500.000000000000,0.010000000000
1387384273,151000.000000000000,0.160000000000
1387384289,151000.000000000000,0.150000000000
1387384289,151500.000000000000,0.020000000000
1387384325,151500.000000000000,0.150000000000
1387384331,151500.000000000000,0.150000000000
1387384338,151500.000000000000,0.140000000000
1387384338,152000.000000000000,0.020000000000
1387384456,151800.000000000000,0.020000000000
1387384456,152000.000000000000,0.010000000000
1387384514,147000.000000000000,0.210000000000
1387384514,147000.000000000000,0.500000000000
1387384514,146669.000000000000,0.500000000000
1387384514,142010.000000000000,0.060000000000
1387384514,141999.000000000000,0.300000000000
1387384514,141001.000000000000,0.430000000000
1387384540,141001.000000000000,0.020000000000
1387384547,151000.000000000000,0.160000000000
1387384560,151000.000000000000,0.150000000000
1387384578,151000.000000000000,0.090000000000
1387384578,151000.000000000000,0.130000000000
1387384602,151000.000000000000,0.110000000000
1387384604,151000.000000000000,0.240000000000
1387384626,151000.000000000000,0.020000000000
1387384626,152000.000000000000,0.130000000000
1387384643,151000.000000000000,0.060000000000
1387384713,151000.000000000000,0.070000000000
1387384842,151000.000000000000,0.250000000000
1387384857,151000.000000000000,0.020000000000
1387384857,152000.000000000000,0.140000000000
1387384868,152000.000000000000,0.080000000000
1387385013,148486.000000000000,0.040000000000
1387385083,151000.000000000000,0.090000000000
1387385106,151000.000000000000,0.150000000000
1387385167,151000.000000000000,0.160000000000
1387385277,151000.000000000000,0.100000000000
1387385277,152000.000000000000,0.050000000000
1387385310,152000.000000000000,0.030000000000
1387385334,151000.000000000000,0.150000000000
1387385341,151000.000000000000,0.060000000000
1387385398,151000.000000000000,0.200000000000
1387385398,152000.000000000000,0.040000000000
1387385398,152500.000000000000,0.500000000000
1387385398,152999.000000000000,0.150000000000
1387385430,152999.000000000000,0.030000000000
1387385451,152999.000000000000,0.040000000000
1387385471,152999.000000000000,0.150000000000
1387385485,152999.000000000000,0.140000000000
1387385492,152999.000000000000,0.150000000000
1387385578,153000.000000000000,0.110000000000
1387385588,153000.000000000000,0.030000000000
1387385611,152000.000000000000,0.100000000000
1387385632,152000.000000000000,0.200000000000
1387385711,152000.000000000000,0.090000000000
1387385711,149001.000000000000,0.060000000000
1387385711,149001.000000000000,0.500000000000
1387385711,149000.000000000000,0.250000000000
1387385735,153000.000000000000,0.150000000000
1387385778,153000.000000000000,0.100000000000
1387385864,153000.000000000000,0.120000000000
1387385864,153500.000000000000,0.040000000000
1387385971,152999.000000000000,0.110000000000
1387385973,152999.000000000000,0.080000000000
1387385983,152999.000000000000,0.060000000000
1387385999,152999.000000000000,0.220000000000
1387386038,149000.000000000000,0.030000000000
1387386088,152999.000000000000,0.160000000000
1387386235,152000.000000000000,0.330000000000
1387386256,151500.000000000000,0.220000000000
1387386256,149000.000000000000,0.110000000000
1387386305,152000.000000000000,0.370000000000
1387386369,152000.000000000000,0.140000000000
1387386390,152000.000000000000,0.150000000000
1387386402,152000.000000000000,0.100000000000
1387386423,152000.000000000000,0.050000000000
1387386425,152000.000000000000,0.140000000000
1387386450,152000.000000000000,0.160000000000
1387386523,152000.000000000000,0.080000000000
1387386527,152000.000000000000,0.040000000000
1387386629,152000.000000000000,0.160000000000
1387386644,152000.000000000000,0.040000000000
1387386648,152000.000000000000,0.100000000000
1387386670,152000.000000000000,0.100000000000
1387386676,152000.000000000000,0.040000000000
1387386676,152999.000000000000,0.030000000000
1387386730,152999.000000000000,0.160000000000
1387386730,152999.000000000000,0.570000000000
1387386772,153000.000000000000,0.050000000000
1387386803,153000.000000000000,0.160000000000
1387386812,153000.000000000000,0.030000000000
1387386841,153000.000000000000,0.040000000000
1387386883,153000.000000000000,0.230000000000
1387386883,153500.000000000000,0.100000000000
1387386893,153500.000000000000,0.140000000000
1387386989,153500.000000000000,0.160000000000
1387387008,153500.000000000000,0.060000000000
1387387008,154000.000000000000,0.070000000000
1387387008,154000.000000000000,0.010000000000
1387387029,154000.000000000000,0.090000000000
1387387029,154000.000000000000,0.100000000000
1387387029,154000.000000000000,0.040000000000
1387387051,154000.000000000000,0.060000000000
1387387051,154000.000000000000,0.100000000000
1387387157,153900.000000000000,0.150000000000
1387387183,153900.000000000000,0.150000000000
1387387188,153900.000000000000,0.040000000000
1387387278,153900.000000000000,0.080000000000
1387387292,153900.000000000000,0.330000000000
1387387298,153900.000000000000,0.100000000000
1387387298,154000.000000000000,0.000000000000
1387387298,154000.000000000000,0.010000000000
1387387425,154000.000000000000,0.090000000000
1387387425,154000.000000000000,0.100000000000
1387387425,154000.000000000000,0.100000000000
1387387425,154000.000000000000,0.100000000000
1387387425,154000.000000000000,0.100000000000
1387387425,154000.000000000000,0.070000000000
1387387438,154000.000000000000,0.030000000000
1387387438,154000.000000000000,0.070000000000
1387387537,154000.000000000000,0.330000000000
1387387584,154000.000000000000,0.100000000000
1387387584,154500.000000000000,0.050000000000
1387387607,151101.000000000000,0.020000000000
1387387607,151100.000000000000,0.460000000000
1387387621,154500.000000000000,0.120000000000
1387387784,154500.000000000000,0.140000000000
1387387814,154500.000000000000,0.150000000000
1387387836,151101.000000000000,0.030000000000
1387387836,151100.000000000000,0.030000000000
1387387837,151100.000000000000,0.080000000000
1387387885,154500.000000000000,0.050000000000
1387387885,155000.000000000000,0.030000000000
1387387885,155000.000000000000,0.030000000000
1387387885,155000.000000000000,0.030000000000
1387387892,155000.000000000000,0.020000000000
1387387921,155000.000000000000,0.130000000000
1387387937,155000.000000000000,0.320000000000
1387387937,155007.000000000000,0.010000000000
1387387953,155007.000000000000,0.040000000000
1387387953,155500.000000000000,0.180000000000
1387387965,155500.000000000000,0.150000000000
1387387967,155500.000000000000,0.150000000000
1387387972,155500.000000000000,0.030000000000
1387387986,156000.000000000000,0.100000000000
1387387986,156000.000000000000,0.010000000000
1387387986,156000.000000000000,0.040000000000
1387387999,156000.000000000000,0.030000000000
1387388017,156000.000000000000,0.020000000000
1387388017,156000.000000000000,0.100000000000
1387388017,156000.000000000000,0.100000000000
1387388017,156000.000000000000,0.100000000000
1387388017,156000.000000000000,0.100000000000
1387388017,156000.000000000000,0.100000000000
1387388017,156000.000000000000,0.100000000000
1387388017,156000.000000000000,0.100000000000
1387388017,156000.000000000000,0.100000000000
1387388017,156000.000000000000,0.100000000000
1387388017,156000.000000000000,0.100000000000
1387388017,156000.000000000000,0.100000000000
1387388017,156000.000000000000,0.100000000000
1387388017,156000.000000000000,0.100000000000
1387388017,156000.000000000000,0.100000000000
1387388017,156000.000000000000,0.100000000000
1387388017,156000.000000000000,0.100000000000
1387388017,156000.000000000000,0.100000000000
1387388017,156000.000000000000,0.100000000000
1387388017,156000.000000000000,0.100000000000
1387388017,156000.000000000000,0.100000000000
1387388017,156000.000000000000,0.100000000000
1387388017,156000.000000000000,0.100000000000
1387388017,156000.000000000000,0.120000000000
1387388019,156000.000000000000,0.050000000000
1387388189,156000.000000000000,0.180000000000
1387388220,156000.000000000000,0.150000000000
1387388224,156000.000000000000,0.150000000000
1387388225,156000.000000000000,0.140000000000
1387388234,156000.000000000000,0.020000000000
1387388234,156000.000000000000,0.150000000000
1387388282,156000.000000000000,0.100000000000
1387388286,156000.000000000000,0.250000000000
1387388299,156500.000000000000,0.070000000000
1387388344,156500.000000000000,0.040000000000
1387388356,156500.000000000000,0.100000000000
1387388427,156500.000000000000,0.020000000000
1387388445,156500.000000000000,0.080000000000
1387388489,156500.000000000000,0.060000000000
1387388531,156500.000000000000,0.130000000000
1387388531,157000.000000000000,0.010000000000
1387388543,157000.000000000000,0.150000000000
1387388596,157000.000000000000,0.320000000000
1387388618,157000.000000000000,0.020000000000
1387388618,157500.000000000000,0.040000000000
1387388639,157500.000000000000,0.460000000000
1387388639,157950.000000000000,0.020000000000
1387388639,158000.000000000000,0.100000000000
1387388639,158000.000000000000,0.100000000000
1387388639,158000.000000000000,0.100000000000
1387388639,158000.000000000000,0.030000000000
1387388649,158000.000000000000,0.020000000000
1387388748,158000.000000000000,0.050000000000
1387388748,158000.000000000000,0.030000000000
1387388814,158000.000000000000,0.080000000000
1387388814,158000.000000000000,0.040000000000
1387388831,158000.000000000000,0.060000000000
1387388831,158000.000000000000,0.100000000000
1387388831,158000.000000000000,0.070000000000
1387388904,158000.000000000000,0.030000000000
1387388904,158000.000000000000,0.100000000000
1387388904,158000.000000000000,0.100000000000
1387388904,158000.000000000000,0.090000000000
1387388915,158000.000000000000,0.010000000000
1387388915,158000.000000000000,0.100000000000
1387388915,158000.000000000000,0.100000000000
1387388915,158000.000000000000,0.100000000000
1387388915,158000.000000000000,0.050000000000
1387388927,158000.000000000000,0.050000000000
1387388927,158000.000000000000,0.050000000000
1387388953,158000.000000000000,0.050000000000
1387388954,158000.000000000000,0.090000000000
1387388955,158000.000000000000,0.010000000000
1387388955,158000.000000000000,0.100000000000
1387388955,158000.000000000000,0.040000000000
1387388975,158000.000000000000,0.060000000000
1387388975,158000.000000000000,0.100000000000
1387388975,158000.000000000000,0.100000000000
1387388975,158000.000000000000,0.100000000000
1387388975,158000.000000000000,0.020000000000
1387388976,158000.000000000000,0.080000000000
1387388976,158000.000000000000,0.060000000000
1387389021,157501.000000000000,0.030000000000
1387389063,158000.000000000000,0.040000000000
1387389063,158000.000000000000,0.110000000000
1387389090,158000.000000000000,0.190000000000
1387389209,158000.000000000000,0.200000000000
1387389209,158500.000000000000,0.120000000000
1387389227,158500.000000000000,0.330000000000
1387389369,158500.000000000000,0.050000000000
1387389472,159000.000000000000,0.220000000000
1387389526,159000.000000000000,0.320000000000
1387389551,159000.000000000000,0.030000000000
1387389590,159000.000000000000,0.110000000000
1387389592,159000.000000000000,0.030000000000
1387389604,159000.000000000000,0.090000000000
1387389619,159000.000000000000,0.010000000000
1387389619,159000.000000000000,0.040000000000
1387389735,159000.000000000000,0.020000000000
1387389744,159000.000000000000,0.230000000000
1387389786,159000.000000000000,0.210000000000
1387389786,159500.000000000000,0.010000000000
1387389793,159500.000000000000,0.320000000000
1387389847,159500.000000000000,0.090000000000
1387389919,159500.000000000000,0.040000000000
1387390012,159500.000000000000,0.050000000000
1387390012,160000.000000000000,0.030000000000
1387390012,160000.000000000000,0.020000000000
1387390039,160000.000000000000,0.020000000000
1387390044,159000.000000000000,0.070000000000
1387390081,160000.000000000000,0.320000000000
1387390116,160000.000000000000,0.140000000000
1387390116,160500.000000000000,0.500000000000
1387390116,161000.000000000000,0.500000000000
1387390116,161007.000000000000,0.050000000000
1387390117,161500.000000000000,0.500000000000
1387390117,162000.000000000000,0.800000000000
1387390117,162000.000000000000,0.430000000000
1387390122,162000.000000000000,0.040000000000
1387390126,162000.000000000000,0.030000000000
1387390126,162500.000000000000,0.030000000000
1387390126,162500.000000000000,0.080000000000
1387390165,162499.000000000000,0.150000000000
1387390165,162500.000000000000,0.010000000000
1387390202,162500.000000000000,0.110000000000
1387390212,162500.000000000000,0.140000000000
1387390220,162500.000000000000,0.090000000000
1387390277,162500.000000000000,0.070000000000
1387390277,163000.000000000000,0.010000000000
1387390294,163000.000000000000,0.210000000000
1387390302,163000.000000000000,0.030000000000
1387390354,163000.000000000000,0.150000000000
1387390369,163000.000000000000,0.110000000000
1387390369,163500.000000000000,0.200000000000
1387390391,163500.000000000000,0.140000000000
1387390405,163500.000000000000,0.160000000000
1387390405,164000.000000000000,0.020000000000
1387390440,164000.000000000000,0.140000000000
1387390442,159467.000000000000,0.500000000000
1387390442,158750.000000000000,0.140000000000
1387390442,158500.000000000000,0.060000000000
1387390442,158482.000000000000,0.310000000000
1387390450,164000.000000000000,0.310000000000
1387390463,164000.000000000000,0.040000000000
1387390464,164999.000000000000,0.100000000000
1387390502,164999.000000000000,0.140000000000
1387390521,158482.000000000000,0.170000000000
1387390616,164999.000000000000,0.070000000000
1387390629,164999.000000000000,0.140000000000
1387390663,164997.000000000000,0.140000000000
1387390745,164997.000000000000,0.030000000000
1387390745,164997.000000000000,0.040000000000
1387390760,158482.000000000000,0.020000000000
1387390760,158000.000000000000,0.070000000000
1387390760,157500.000000000000,0.030000000000
1387390760,157498.000000000000,0.380000000000
1387390779,164999.000000000000,0.140000000000
1387390834,160000.000000000000,0.160000000000
1387390874,160000.000000000000,0.110000000000
1387390925,160000.000000000000,0.230000000000
1387390925,164999.000000000000,0.080000000000
1387390938,164998.000000000000,0.100000000000
1387390949,164997.000000000000,0.100000000000
1387391160,164997.000000000000,0.200000000000
1387391233,164998.000000000000,0.130000000000
1387391262,164997.000000000000,0.140000000000
1387391277,164999.000000000000,0.090000000000
1387391347,159700.000000000000,0.120000000000
1387391383,159700.000000000000,0.040000000000
1387391404,157498.000000000000,0.120000000000
1387391404,157000.000000000000,0.200000000000
1387391404,157000.000000000000,0.050000000000
1387391406,159700.000000000000,0.050000000000
1387391406,164999.000000000000,0.110000000000
1387391430,164999.000000000000,0.040000000000
1387391480,164997.000000000000,0.310000000000
1387391485,164997.000000000000,0.020000000000
1387391527,165000.000000000000,0.020000000000
1387391527,165000.000000000000,0.180000000000
1387391544,157001.000000000000,0.020000000000
1387391544,165000.000000000000,0.040000000000
1387391556,165000.000000000000,0.110000000000
1387391579,165000.000000000000,0.420000000000
1387391609,165000.000000000000,0.040000000000
1387391609,165000.000000000000,0.090000000000
1387391629,165000.000000000000,0.240000000000
1387391653,165000.000000000000,0.020000000000
1387391715,165000.000000000000,0.040000000000
1387391821,164999.000000000000,0.310000000000
1387391827,164999.000000000000,0.090000000000
1387391888,164999.000000000000,0.090000000000
1387391889,164999.000000000000,0.020000000000
1387391892,164999.000000000000,0.210000000000
1387391944,164999.000000000000,0.140000000000
1387391953,164999.000000000000,0.060000000000
1387391983,164999.000000000000,0.790000000000
1387391990,164999.000000000000,0.060000000000
1387392052,164999.000000000000,0.130000000000
1387392142,164997.000000000000,0.050000000000
1387392199,164999.000000000000,0.030000000000
1387392215,164998.000000000000,0.080000000000
1387392235,157002.000000000000,0.040000000000
1387392235,157001.000000000000,0.000000000000
1387392248,164996.000000000000,0.310000000000
1387392256,164995.000000000000,0.120000000000
1387392256,164996.000000000000,0.220000000000
1387392304,164995.000000000000,0.020000000000
1387392425,164989.000000000000,0.520000000000
1387392608,164698.000000000000,0.030000000000
1387392611,164698.000000000000,0.060000000000
1387392647,164665.000000000000,0.050000000000
1387392674,164600.000000000000,0.100000000000
1387392674,164600.000000000000,0.210000000000
1387392838,164594.000000000000,0.040000000000
1387392842,164594.000000000000,0.040000000000
1387392847,164594.000000000000,0.090000000000
1387392848,164595.000000000000,0.040000000000
1387392861,164593.000000000000,0.100000000000
1387392861,164594.000000000000,0.290000000000
1387392861,164595.000000000000,0.160000000000
1387392948,164594.000000000000,0.020000000000
1387393048,164592.000000000000,0.500000000000
1387393064,164593.000000000000,0.100000000000
1387393095,164593.000000000000,0.000000000000
1387393095,164593.000000000000,0.030000000000
1387393121,164593.000000000000,0.050000000000
1387393149,164592.000000000000,0.030000000000
1387393253,164593.000000000000,0.140000000000
1387393266,164593.000000000000,0.190000000000
1387393273,164593.000000000000,0.140000000000
1387393337,164000.000000000000,0.140000000000
1387393373,162000.000000000000,0.140000000000
1387393502,160001.000000000000,0.100000000000
1387393502,160001.000000000000,0.230000000000
1387393517,161999.000000000000,0.310000000000
1387393524,161999.000000000000,0.050000000000
1387393638,161999.000000000000,0.050000000000
1387393653,161999.000000000000,0.080000000000
1387393864,161997.000000000000,0.140000000000
1387393882,160002.000000000000,0.040000000000
1387393882,160000.000000000000,0.100000000000
1387393882,157499.000000000000,0.500000000000
1387393882,157498.000000000000,0.500000000000
1387393882,157000.000000000000,0.140000000000
1387393882,157000.000000000000,0.020000000000
1387393882,156523.000000000000,0.130000000000
1387393882,156513.000000000000,0.500000000000
1387393882,156500.000000000000,0.140000000000
1387393882,155529.000000000000,0.500000000000
1387393882,154544.000000000000,0.180000000000
1387393887,161997.000000000000,0.310000000000
1387394006,161992.000000000000,0.060000000000
1387394135,161972.000000000000,0.140000000000
1387394183,161968.000000000000,0.160000000000
1387394247,161959.000000000000,0.040000000000
1387394278,154557.000000000000,0.140000000000
1387394278,154557.000000000000,0.040000000000
1387394372,161942.000000000000,0.040000000000
1387394372,161942.000000000000,0.010000000000
1387394372,161942.000000000000,0.030000000000
1387394372,161942.000000000000,0.010000000000
1387394385,161942.000000000000,0.140000000000
1387394488,161929.000000000000,0.230000000000
1387394524,161925.000000000000,0.310000000000
1387394613,154614.000000000000,0.030000000000
1387394613,154614.000000000000,0.010000000000
1387394616,161909.000000000000,0.140000000000
1387394707,161897.000000000000,0.530000000000
1387394816,161881.000000000000,0.080000000000
1387394816,161881.000000000000,0.020000000000
1387394837,161877.000000000000,0.310000000000
1387394882,154665.000000000000,1.280000000000
1387394882,154638.000000000000,0.540000000000
1387394882,154544.000000000000,0.180000000000
1387394952,161859.000000000000,0.110000000000
1387395052,161825.000000000000,0.230000000000
1387395075,161818.000000000000,0.140000000000
1387395141,161796.000000000000,0.070000000000
1387395309,161749.000000000000,0.030000000000
1387395324,161744.000000000000,0.050000000000
1387395333,161741.000000000000,0.310000000000
1387395342,154601.000000000000,0.040000000000
1387395465,161698.000000000000,0.030000000000
1387395544,154637.000000000000,0.670000000000
1387395544,154544.000000000000,0.130000000000
1387395642,161658.000000000000,0.120000000000
1387395673,161648.000000000000,0.090000000000
1387395710,161636.000000000000,0.070000000000
1387395712,161636.000000000000,0.150000000000
1387395718,161635.000000000000,0.150000000000
1387395740,161628.000000000000,0.040000000000
1387395841,161602.000000000000,0.150000000000
1387395860,161599.000000000000,0.150000000000
1387395939,161583.000000000000,0.020000000000
1387395939,161583.000000000000,0.010000000000
1387395947,161582.000000000000,0.050000000000
1387395987,154550.000000000000,0.370000000000
1387395988,154544.000000000000,0.010000000000
1387395988,154544.000000000000,0.220000000000
1387396053,161548.000000000000,0.050000000000
1387396099,161536.000000000000,0.200000000000
1387396102,161536.000000000000,0.140000000000
1387396135,161525.000000000000,0.140000000000
1387396184,156999.000000000000,0.130000000000
1387396234,161505.000000000000,0.230000000000
1387396238,161505.000000000000,0.140000000000
1387396247,161504.000000000000,0.040000000000
1387396251,161503.000000000000,0.310000000000
1387396252,161501.000000000000,0.230000000000
1387396272,161501.000000000000,0.140000000000
1387396272,154100.000000000000,0.160000000000
1387396272,153560.000000000000,0.440000000000
1387396315,161497.000000000000,0.060000000000
1387396331,161492.000000000000,0.140000000000
1387396395,161486.000000000000,0.060000000000
1387396494,161469.000000000000,0.140000000000
1387396503,161466.000000000000,0.050000000000
1387396504,161466.000000000000,0.140000000000
1387396565,161454.000000000000,0.210000000000
1387396611,161450.000000000000,0.150000000000
1387396613,161450.000000000000,0.030000000000
1387396639,161446.000000000000,0.040000000000
1387396656,161442.000000000000,0.330000000000
1387396672,161442.000000000000,0.050000000000
1387396708,161437.000000000000,0.310000000000
1387396764,161423.000000000000,0.140000000000
1387396829,153560.000000000000,0.060000000000
1387396829,152576.000000000000,0.340000000000
1387396829,152575.000000000000,0.500000000000
1387396829,152050.000000000000,0.900000000000
1387396837,161399.000000000000,0.140000000000
1387396908,161380.000000000000,0.130000000000
1387396922,161376.000000000000,0.530000000000
1387396958,161368.000000000000,0.230000000000
1387396976,161362.000000000000,0.130000000000
1387397080,161344.000000000000,0.130000000000
1387397115,153003.000000000000,0.080000000000
1387397115,153003.000000000000,0.020000000000
1387397140,153003.000000000000,1.000000000000
1387397154,161338.000000000000,0.060000000000
1387397154,161338.000000000000,0.020000000000
1387397173,161333.000000000000,0.200000000000
1387397207,161327.000000000000,0.080000000000
1387397207,161328.000000000000,0.140000000000
1387397210,161326.000000000000,0.150000000000
1387397249,153018.000000000000,1.000000000000
1387397252,161319.000000000000,0.140000000000
1387397263,161319.000000000000,0.170000000000
1387397358,158998.000000000000,0.090000000000
1387397429,158996.000000000000,0.190000000000
1387397455,158994.000000000000,0.040000000000
1387397459,158994.000000000000,0.050000000000
1387397459,158995.000000000000,0.220000000000
1387397486,158994.000000000000,0.140000000000
1387397495,152056.000000000000,1.490000000000
1387397495,152050.000000000000,0.010000000000
1387397495,151591.000000000000,0.500000000000
1387397495,151000.000000000000,0.000000000000
1387397522,157000.000000000000,0.150000000000
1387397529,157000.000000000000,0.150000000000
1387397555,156000.000000000000,0.160000000000
1387397617,155000.000000000000,0.230000000000
1387397632,154997.000000000000,0.140000000000
1387397667,154996.000000000000,0.060000000000
1387397684,154993.000000000000,0.040000000000
1387397739,154988.000000000000,0.150000000000
1387397808,154977.000000000000,0.240000000000
1387397816,152000.000000000000,0.030000000000
1387397852,154973.000000000000,0.390000000000
1387397934,154899.000000000000,0.220000000000
1387398034,154898.000000000000,0.020000000000
1387398034,154899.000000000000,0.040000000000
1387398092,154891.000000000000,0.060000000000
1387398097,154891.000000000000,0.560000000000
1387398116,154890.000000000000,0.290000000000
1387398181,154882.000000000000,0.150000000000
1387398185,152100.000000000000,0.230000000000
1387398185,152100.000000000000,0.580000000000
1387398185,152000.000000000000,0.190000000000
1387398353,154862.000000000000,0.140000000000
1387398452,154843.000000000000,0.230000000000
1387398546,154828.000000000000,0.060000000000
1387398665,154801.000000000000,0.230000000000
1387398703,154797.000000000000,0.060000000000
1387398718,154792.000000000000,0.020000000000
1387398718,154793.000000000000,0.180000000000
1387398730,154789.000000000000,0.030000000000
1387398814,154772.000000000000,0.160000000000
1387398855,151000.000000000000,0.150000000000
1387398855,151000.000000000000,0.040000000000
1387398855,150607.000000000000,0.310000000000
1387398875,154764.000000000000,0.020000000000
1387398935,150607.000000000000,0.270000000000
1387398935,150606.000000000000,0.500000000000
1387398948,154756.000000000000,0.220000000000
1387398950,154756.000000000000,0.280000000000
1387398968,154755.000000000000,0.040000000000
1387399005,154751.000000000000,0.230000000000
1387399014,149900.000000000000,0.090000000000
1387399014,149900.000000000000,0.030000000000
1387399014,149754.000000000000,0.000000000000
1387399066,152752.000000000000,0.020000000000
1387399067,152752.000000000000,0.020000000000
1387399067,153751.000000000000,0.130000000000
1387399072,153751.000000000000,0.100000000000
1387399076,153751.000000000000,0.150000000000
1387399150,152752.000000000000,0.020000000000
1387399150,153752.000000000000,0.020000000000
1387399163,153752.000000000000,0.000000000000
1387399163,154744.000000000000,0.320000000000
1387399249,154744.000000000000,0.030000000000
1387399438,154744.000000000000,0.020000000000
1387399438,154758.000000000000,0.020000000000
1387399438,154767.000000000000,0.020000000000
1387399438,154776.000000000000,0.020000000000
1387399438,154784.000000000000,0.020000000000
1387399438,154799.000000000000,0.020000000000
1387399438,154804.000000000000,0.020000000000
1387399438,154812.000000000000,0.020000000000
1387399438,154816.000000000000,0.020000000000
1387399438,154820.000000000000,0.020000000000
1387399492,154820.000000000000,0.000000000000
1387399492,154824.000000000000,0.020000000000
1387399492,154832.000000000000,0.020000000000
1387399492,154837.000000000000,0.020000000000
1387399492,154841.000000000000,0.020000000000
1387399492,154845.000000000000,0.020000000000
1387399492,154850.000000000000,0.010000000000
1387399512,154850.000000000000,0.010000000000
1387399512,154900.000000000000,0.070000000000
1387399570,150642.000000000000,0.440000000000
1387399612,154900.000000000000,0.220000000000
1387399614,154900.000000000000,0.150000000000
1387399624,154900.000000000000,0.040000000000
1387399625,154900.000000000000,0.070000000000
1387399637,154900.000000000000,0.150000000000
1387399667,154900.000000000000,0.220000000000
1387399711,154900.000000000000,0.050000000000
1387399734,150660.000000000000,0.080000000000
1387399827,154900.000000000000,0.020000000000
1387399925,154900.000000000000,0.050000000000
1387399995,154899.000000000000,0.120000000000
1387400032,154899.000000000000,0.150000000000
1387400040,150708.000000000000,0.030000000000
1387400070,154899.000000000000,0.030000000000
1387400099,150711.000000000000,0.050000000000
1387400142,154897.000000000000,0.030000000000
1387400142,154899.000000000000,0.200000000000
1387400142,154900.000000000000,0.540000000000
1387400149,154744.000000000000,0.150000000000
1387400149,153000.000000000000,0.050000000000
1387400149,154900.000000000000,0.090000000000
1387400192,154900.000000000000,0.040000000000
1387400211,154900.000000000000,0.070000000000
1387400211,154900.000000000000,0.020000000000
1387400211,154994.000000000000,0.230000000000
1387400226,154994.000000000000,0.050000000000
1387400272,154994.000000000000,0.030000000000
1387400300,154994.000000000000,0.050000000000
1387400300,155000.000000000000,0.000000000000
1387400335,155000.000000000000,0.270000000000
1387400335,155000.000000000000,0.020000000000
1387400335,156000.000000000000,0.300000000000
1387400390,156000.000000000000,0.040000000000
1387400429,156000.000000000000,0.010000000000
1387400429,156999.000000000000,0.050000000000
1387400479,156999.000000000000,0.220000000000
1387400498,156999.000000000000,0.210000000000
1387400728,156995.000000000000,0.050000000000
1387400728,156997.000000000000,0.040000000000
1387400730,150832.000000000000,0.400000000000
1387400730,150831.000000000000,1.600000000000
1387400786,156997.000000000000,0.220000000000
1387401164,156998.000000000000,0.110000000000
1387401170,156998.000000000000,0.290000000000
1387401170,157000.000000000000,0.180000000000
1387401172,151592.000000000000,0.070000000000
1387401298,157000.000000000000,0.020000000000
1387401369,157000.000000000000,0.310000000000
1387401372,157999.000000000000,0.230000000000
1387401397,157999.000000000000,0.020000000000
1387401397,157999.000000000000,0.010000000000
1387401498,157999.000000000000,0.140000000000
1387401511,157999.000000000000,0.180000000000
1387401535,157993.000000000000,0.210000000000
1387401569,157992.000000000000,0.150000000000
1387401829,157992.000000000000,0.130000000000
1387401861,157992.000000000000,0.140000000000
1387401913,157992.000000000000,0.150000000000
1387402121,157992.000000000000,0.140000000000
1387402183,157992.000000000000,0.070000000000
1387402258,152575.000000000000,0.500000000000
1387402258,151592.000000000000,0.430000000000
1387402258,151591.000000000000,0.500000000000
1387402258,150747.000000000000,0.570000000000
1387402297,150751.000000000000,0.020000000000
1387402297,150751.000000000000,0.010000000000
1387402375,157990.000000000000,0.140000000000
1387402409,157989.000000000000,0.140000000000
1387402499,157988.000000000000,0.140000000000
1387402610,157000.000000000000,0.020000000000
1387402611,157000.000000000000,0.010000000000
1387402636,157000.000000000000,0.220000000000
1387402644,157000.000000000000,0.070000000000
1387402677,157000.000000000000,0.190000000000
1387402829,157000.000000000000,0.080000000000
1387402885,156997.000000000000,0.210000000000
1387402888,156997.000000000000,0.130000000000
1387402919,156997.000000000000,0.660000000000
1387402919,157000.000000000000,0.020000000000
1387402919,157000.000000000000,0.300000000000
1387402919,157992.000000000000,0.010000000000
1387402962,157988.000000000000,0.020000000000
1387402978,156997.000000000000,1.000000000000
1387402978,157000.000000000000,0.070000000000
1387402994,157000.000000000000,0.070000000000
1387403001,157000.000000000000,0.220000000000
1387403034,157000.000000000000,0.140000000000
1387403105,156000.000000000000,0.110000000000
1387403141,156000.000000000000,0.190000000000
1387403141,157000.000000000000,0.000000000000
1387403141,157000.000000000000,0.040000000000
1387403275,157000.000000000000,0.080000000000
1387403292,157000.000000000000,0.090000000000
1387403295,157000.000000000000,0.060000000000
1387403345,155000.000000000000,0.030000000000
1387403345,151592.000000000000,0.170000000000
1387403345,151591.000000000000,0.500000000000
1387403346,150785.000000000000,0.280000000000
1387403396,157000.000000000000,0.150000000000
1387403396,157000.000000000000,0.060000000000
1387403458,157000.000000000000,0.020000000000
1387403534,157000.000000000000,0.010000000000
1387403534,157987.000000000000,0.130000000000
1387403551,157000.000000000000,0.170000000000
1387403552,157000.000000000000,0.070000000000
1387403623,156000.000000000000,0.070000000000
1387403655,156000.000000000000,0.050000000000
1387403680,155999.000000000000,0.040000000000
1387403721,156000.000000000000,0.210000000000
1387403721,156997.000000000000,0.340000000000
1387403952,156000.000000000000,0.040000000000
1387404011,156000.000000000000,0.220000000000
1387404124,156000.000000000000,0.040000000000
1387404124,156973.000000000000,0.030000000000
1387404141,156973.000000000000,0.060000000000
1387404262,155999.000000000000,0.100000000000
1387404262,156000.000000000000,0.220000000000
1387404279,156000.000000000000,0.080000000000
1387404279,156947.000000000000,0.070000000000
1387404300,156930.000000000000,0.090000000000
1387404304,156930.000000000000,0.010000000000
1387404304,156944.000000000000,0.130000000000
1387404307,156944.000000000000,0.020000000000
1387404320,156930.000000000000,0.100000000000
1387404320,156944.000000000000,0.120000000000
1387404327,156944.000000000000,0.140000000000
1387404446,156000.000000000000,0.150000000000
1387404493,153000.000000000000,0.020000000000
1387404493,152001.000000000000,0.260000000000
1387404493,152000.000000000000,0.020000000000
1387404493,151272.000000000000,0.700000000000
1387404497,156000.000000000000,0.100000000000
1387404590,154999.000000000000,0.070000000000
1387404613,154997.000000000000,0.260000000000
1387404613,154999.000000000000,0.060000000000
1387404652,151295.000000000000,0.230000000000
1387404727,154999.000000000000,0.170000000000
1387404727,155007.000000000000,0.050000000000
1387404727,155999.000000000000,0.950000000000
1387404779,151312.000000000000,0.300000000000
1387404779,151311.000000000000,1.700000000000
1387404795,155000.000000000000,0.300000000000
1387404795,155999.000000000000,0.100000000000
1387404811,155997.000000000000,0.070000000000
1387404815,155997.000000000000,0.230000000000
1387404815,155999.000000000000,0.090000000000
1387404832,155999.000000000000,0.150000000000
1387404966,156004.000000000000,0.070000000000
1387404980,156004.000000000000,0.150000000000
1387405018,156000.000000000000,0.030000000000
1387405062,156000.000000000000,0.210000000000
1387405139,156000.000000000000,0.020000000000
1387405244,155999.000000000000,0.220000000000
1387405317,155000.000000000000,0.200000000000
1387405353,155000.000000000000,0.040000000000
1387405429,155000.000000000000,0.050000000000
1387405429,156004.000000000000,0.090000000000
1387405590,155000.000000000000,0.080000000000
1387405727,154000.000000000000,0.200000000000
1387405727,155000.000000000000,0.030000000000
1387405764,155000.000000000000,0.070000000000
1387405808,155000.000000000000,0.070000000000
1387405834,155000.000000000000,0.040000000000
1387405834,156990.000000000000,0.100000000000
1387405834,156991.000000000000,0.220000000000
1387405882,156993.000000000000,0.100000000000
1387405882,156994.000000000000,0.030000000000
1387405962,156992.000000000000,0.320000000000
1387405987,156000.000000000000,0.070000000000
1387406031,156000.000000000000,0.150000000000
1387406084,156000.000000000000,0.090000000000
1387406084,156994.000000000000,0.010000000000
1387406131,156992.000000000000,0.100000000000
1387406131,156993.000000000000,0.130000000000
1387406140,157000.000000000000,0.140000000000
1387406148,157000.000000000000,0.030000000000
1387406175,156993.000000000000,0.080000000000
1387406211,156993.000000000000,0.150000000000
1387406226,154000.000000000000,0.060000000000
1387406265,156993.000000000000,0.220000000000
1387406276,156993.000000000000,0.180000000000
1387406276,156993.000000000000,0.190000000000
1387406307,156993.000000000000,0.150000000000
1387406321,156993.000000000000,0.170000000000
1387406352,154000.000000000000,0.010000000000
1387406352,151612.000000000000,0.150000000000
1387406417,156993.000000000000,0.150000000000
1387406523,156991.000000000000,0.120000000000
1387406523,156992.000000000000,0.020000000000
1387406619,156992.000000000000,0.040000000000
1387406646,156992.000000000000,0.110000000000
1387406681,156992.000000000000,0.110000000000
1387406750,156993.000000000000,0.110000000000
1387406776,156992.000000000000,0.560000000000
1387406837,156993.000000000000,0.110000000000
1387406874,156992.000000000000,0.150000000000
1387406935,156993.000000000000,0.020000000000
1387406965,156992.000000000000,0.040000000000
1387407042,156991.000000000000,0.100000000000
1387407042,156992.000000000000,0.120000000000
1387407052,156992.000000000000,0.030000000000
1387407101,156993.000000000000,0.040000000000
1387407128,156992.000000000000,0.030000000000
1387407129,156992.000000000000,0.140000000000
1387407165,156993.000000000000,0.080000000000
1387407165,156994.000000000000,0.060000000000
1387407170,156993.000000000000,0.140000000000
1387407174,156990.000000000000,0.050000000000
1387407285,155500.000000000000,0.020000000000
1387407285,151746.000000000000,0.020000000000
1387407329,156919.000000000000,0.030000000000
1387407350,156919.000000000000,0.140000000000
1387407389,156900.000000000000,0.080000000000
1387407579,156699.000000000000,0.550000000000
1387407638,156689.000000000000,0.220000000000
1387407653,156689.000000000000,0.150000000000
1387407678,156600.000000000000,0.050000000000
1387407758,156599.000000000000,0.140000000000
1387407799,151821.000000000000,0.130000000000
1387407799,151821.000000000000,0.030000000000
1387407848,156599.000000000000,0.030000000000
1387407848,156599.000000000000,0.010000000000
1387407864,156599.000000000000,0.020000000000
1387407892,156599.000000000000,0.030000000000
1387407892,156599.000000000000,0.010000000000
1387407961,156399.000000000000,0.030000000000
1387407992,156399.000000000000,0.030000000000
1387407993,156399.000000000000,0.020000000000
1387408320,156689.000000000000,0.120000000000
1387408320,156689.000000000000,0.020000000000
1387408406,156688.000000000000,0.030000000000
1387408406,156688.000000000000,0.120000000000
1387408406,156690.000000000000,0.070000000000
1387408472,152800.000000000000,0.150000000000
1387408472,151950.000000000000,0.130000000000
1387408472,151726.000000000000,0.720000000000
1387408515,151714.000000000000,0.050000000000
1387408515,151591.000000000000,0.500000000000
1387408515,150606.000000000000,0.450000000000
1387408519,155986.000000000000,0.020000000000
1387408519,155986.000000000000,0.010000000000
1387408610,152221.000000000000,0.030000000000
1387408695,150606.000000000000,0.050000000000
1387408713,150900.000000000000,0.200000000000
1387408988,152499.000000000000,0.220000000000
1387409017,152000.000000000000,0.110000000000
1387409017,155980.000000000000,0.070000000000
1387409063,154500.000000000000,0.350000000000
1387409145,154500.000000000000,0.050000000000
1387409145,155980.000000000000,0.170000000000
1387409160,155980.000000000000,0.220000000000
1387409189,155980.000000000000,0.220000000000
1387409202,155980.000000000000,0.030000000000
1387409222,155980.000000000000,0.040000000000
1387409358,156688.000000000000,0.100000000000
1387409358,156689.000000000000,0.030000000000
1387409432,156689.000000000000,0.150000000000
1387409478,150606.000000000000,0.000000000000
1387409481,150000.000000000000,0.090000000000
1387409493,149622.000000000000,0.500000000000
1387409510,148638.000000000000,0.500000000000
1387409620,149000.000000000000,0.230000000000
1387409696,147653.000000000000,0.500000000000
1387409697,147000.000000000000,0.020000000000
1387409717,147000.000000000000,0.160000000000
1387409792,147000.000000000000,0.070000000000
1387409883,147000.000000000000,0.580000000000
1387409947,147000.000000000000,0.150000000000
1387409974,147000.000000000000,0.020000000000
1387409979,147000.000000000000,0.190000000000
1387409996,147000.000000000000,0.030000000000
1387409998,147000.000000000000,0.030000000000
1387410031,147000.000000000000,0.610000000000
1387410041,146669.000000000000,0.200000000000
1387410070,147000.000000000000,0.150000000000
1387410071,147000.000000000000,0.080000000000
1387410121,147000.000000000000,0.120000000000
1387410161,147000.000000000000,0.160000000000
1387410240,147000.000000000000,0.100000000000
1387410293,147000.000000000000,0.030000000000
1387410297,147000.000000000000,0.060000000000
1387410312,147000.000000000000,0.080000000000
1387410345,147000.000000000000,0.050000000000
1387410571,147000.000000000000,0.030000000000
1387410628,147000.000000000000,0.500000000000
1387410764,147000.000000000000,0.240000000000
1387410773,146669.000000000000,0.300000000000
1387410773,145684.000000000000,0.500000000000
1387410773,145000.000000000000,0.040000000000
1387410773,144700.000000000000,0.500000000000
1387410773,143715.000000000000,0.500000000000
1387410773,142731.000000000000,0.160000000000
1387410905,147000.000000000000,0.050000000000
1387410905,149000.000000000000,0.030000000000
1387410956,149000.000000000000,0.150000000000
1387411092,149000.000000000000,0.090000000000
1387411092,150000.000000000000,0.150000000000
1387411121,150000.000000000000,0.160000000000
1387411159,150000.000000000000,0.030000000000
1387411267,143001.000000000000,0.020000000000
1387411267,143001.000000000000,0.010000000000
1387411309,150000.000000000000,0.150000000000
1387411529,149999.000000000000,0.100000000000
1387411529,150000.000000000000,0.050000000000
1387411608,150000.000000000000,0.020000000000
1387411615,150000.000000000000,0.150000000000
1387411627,150000.000000000000,0.200000000000
1387411627,153000.000000000000,0.360000000000
1387411683,152999.000000000000,0.160000000000
1387411849,150000.000000000000,0.160000000000
1387411929,150000.000000000000,0.020000000000
1387411929,150000.000000000000,0.010000000000
1387411933,150000.000000000000,0.020000000000
1387411939,150000.000000000000,0.030000000000
1387411951,150000.000000000000,0.100000000000
1387412012,150000.000000000000,0.160000000000
1387412108,150000.000000000000,0.030000000000
1387412108,152899.000000000000,0.100000000000
1387412108,152900.000000000000,0.020000000000
1387412154,152900.000000000000,0.030000000000
1387412381,152900.000000000000,0.090000000000
1387412381,153000.000000000000,0.070000000000
1387412415,153000.000000000000,0.070000000000
1387412464,152500.000000000000,0.140000000000
1387412464,153000.000000000000,0.020000000000
1387412575,153000.000000000000,0.150000000000
1387412636,152999.000000000000,0.150000000000
1387412645,152999.000000000000,0.040000000000
1387412696,152999.000000000000,0.020000000000
1387412709,152999.000000000000,0.150000000000
1387412732,152999.000000000000,0.430000000000
1387412803,151000.000000000000,0.150000000000
1387412892,149000.000000000000,0.210000000000
1387412918,149000.000000000000,0.050000000000
1387412928,149000.000000000000,0.060000000000
1387413025,149000.000000000000,0.410000000000
1387413073,149000.000000000000,0.150000000000
1387413121,149000.000000000000,0.150000000000
1387413266,149000.000000000000,0.050000000000
1387413324,149000.000000000000,0.120000000000
1387413423,149000.000000000000,0.030000000000
1387413475,149000.000000000000,0.150000000000
1387413579,148000.000000000000,0.070000000000
1387413591,144000.000000000000,0.030000000000
1387413591,142731.000000000000,0.340000000000
1387413591,141746.000000000000,0.500000000000
1387413659,148000.000000000000,0.150000000000
1387413681,141746.000000000000,0.000000000000
1387413681,141503.000000000000,0.080000000000
1387413681,141502.000000000000,0.110000000000
1387413681,141001.000000000000,0.460000000000
1387413681,141000.000000000000,0.720000000000
1387413681,140900.000000000000,0.460000000000
1387413681,140762.000000000000,0.500000000000
1387413681,140501.000000000000,0.400000000000
1387413681,140002.000000000000,0.090000000000
1387413681,140001.000000000000,0.600000000000
1387413681,140000.000000000000,0.020000000000
1387413681,140000.000000000000,0.160000000000
1387413681,140000.000000000000,2.490000000000
1387413849,147989.000000000000,0.270000000000
1387413901,147989.000000000000,0.200000000000
1387413911,147989.000000000000,0.080000000000
1387413911,147990.000000000000,0.070000000000
1387413921,147990.000000000000,0.150000000000
1387413976,147990.000000000000,0.170000000000
1387413984,147990.000000000000,0.150000000000
1387414068,147990.000000000000,0.070000000000
1387414104,140005.000000000000,0.280000000000
1387414104,140004.000000000000,0.400000000000
1387414104,140001.000000000000,0.220000000000
1387414104,140000.000000000000,1.100000000000
1387414114,140000.000000000000,1.410000000000
1387414190,140000.000000000000,0.080000000000
1387414427,139999.000000000000,0.110000000000
1387414519,139777.000000000000,0.030000000000
1387414519,139999.000000000000,0.160000000000
1387414521,139999.000000000000,0.160000000000
1387414521,140000.000000000000,0.510000000000
1387414568,147989.000000000000,0.080000000000
1387414568,147990.000000000000,0.060000000000
1387414636,147990.000000000000,0.040000000000
1387414649,147990.000000000000,0.030000000000
1387414747,147989.000000000000,0.230000000000
1387414855,140001.000000000000,0.040000000000
1387415116,146494.000000000000,0.040000000000
1387415116,146495.000000000000,0.050000000000
1387415121,146495.000000000000,0.090000000000
1387415144,146495.000000000000,0.090000000000
1387415183,140001.000000000000,0.150000000000
1387415183,140001.000000000000,0.040000000000
1387415187,146495.000000000000,0.020000000000
1387415187,146498.000000000000,0.060000000000
1387415187,146498.000000000000,0.010000000000
1387415257,146498.000000000000,0.070000000000
1387415257,146498.000000000000,0.080000000000
1387415275,146498.000000000000,0.010000000000
1387415275,146500.000000000000,0.580000000000
1387415388,146500.000000000000,0.080000000000
1387415388,147989.000000000000,0.070000000000
1387415397,147989.000000000000,0.090000000000
1387415534,147989.000000000000,0.040000000000
1387415831,147987.000000000000,0.040000000000
1387415835,146499.000000000000,0.020000000000
1387415973,147985.000000000000,0.100000000000
1387415973,147986.000000000000,0.110000000000
1387416026,147985.000000000000,0.100000000000
1387416026,147986.000000000000,0.130000000000
1387416039,147986.000000000000,0.160000000000
1387416169,147986.000000000000,0.240000000000
1387416453,147987.000000000000,0.160000000000
1387416464,147987.000000000000,0.180000000000
1387416481,147988.000000000000,0.060000000000
1387416499,147988.000000000000,0.040000000000
1387416499,147990.000000000000,0.110000000000
1387416676,143101.000000000000,0.020000000000
1387416677,143100.000000000000,1.750000000000
1387416783,139777.000000000000,0.470000000000
1387416783,138793.000000000000,0.070000000000
1387416788,143000.000000000000,0.160000000000
1387416898,143000.000000000000,0.050000000000
1387416898,147000.000000000000,0.070000000000
1387416955,146999.000000000000,0.100000000000
1387416955,147000.000000000000,0.070000000000
1387417234,146999.000000000000,0.100000000000
1387417234,147000.000000000000,0.050000000000
1387417321,146999.000000000000,0.100000000000
1387417321,147000.000000000000,0.050000000000
1387417493,147000.000000000000,0.050000000000
1387417516,147000.000000000000,0.150000000000
1387417625,146999.000000000000,0.100000000000
1387417625,147000.000000000000,0.200000000000
1387417694,147000.000000000000,0.150000000000
1387417711,147000.000000000000,0.250000000000
1387417712,147000.000000000000,0.020000000000
1387417712,147000.000000000000,0.010000000000
1387417801,147000.000000000000,0.040000000000
1387417812,147000.000000000000,0.020000000000
1387417853,147000.000000000000,0.220000000000
1387417853,147000.000000000000,0.150000000000
1387417989,147000.000000000000,0.230000000000
1387418033,146999.000000000000,0.060000000000
1387418136,147000.000000000000,0.040000000000
1387418136,147988.000000000000,0.020000000000
1387418189,147988.000000000000,0.160000000000
1387418264,147988.000000000000,0.160000000000
1387418365,147988.000000000000,0.120000000000
1387418383,147988.000000000000,0.210000000000
1387418392,147988.000000000000,0.150000000000
1387418425,147988.000000000000,0.150000000000
1387418460,147988.000000000000,0.040000000000
1387418517,147987.000000000000,0.100000000000
1387418517,147988.000000000000,0.050000000000
1387418593,145000.000000000000,0.030000000000
1387418651,145000.000000000000,0.030000000000
1387418670,145000.000000000000,0.160000000000
1387418723,145000.000000000000,0.130000000000
1387418741,145000.000000000000,0.150000000000
1387418939,145000.000000000000,0.070000000000
1387418940,145000.000000000000,0.250000000000
1387418965,145000.000000000000,0.160000000000
1387419257,145000.000000000000,0.020000000000
1387419257,147989.000000000000,0.100000000000
1387419257,147990.000000000000,0.030000000000
1387419296,147990.000000000000,0.030000000000
1387419356,147990.000000000000,0.160000000000
1387419356,147990.000000000000,0.160000000000
1387419363,147989.000000000000,0.100000000000
1387419363,147990.000000000000,0.020000000000
1387419491,147989.000000000000,0.060000000000
1387419590,147989.000000000000,0.030000000000
1387419590,147990.000000000000,0.120000000000
1387419620,147990.000000000000,0.100000000000
1387419749,147990.000000000000,0.150000000000
1387419940,147987.000000000000,0.230000000000
1387420148,147987.000000000000,0.150000000000
1387420200,147987.000000000000,0.620000000000
1387420200,147990.000000000000,0.000000000000
1387420213,147990.000000000000,0.090000000000
1387420213,148000.000000000000,0.060000000000
1387420225,148000.000000000000,0.080000000000
1387420243,148000.000000000000,0.030000000000
1387420246,148000.000000000000,0.150000000000
1387420276,148000.000000000000,0.120000000000
1387420308,148000.000000000000,0.120000000000
1387420388,147997.000000000000,0.090000000000
1387420565,147987.000000000000,0.150000000000
1387420621,148000.000000000000,0.160000000000
1387420736,148000.000000000000,0.040000000000
1387420736,152955.000000000000,0.190000000000
1387420861,150000.000000000000,0.070000000000
1387420919,147997.000000000000,0.150000000000
1387420919,147987.000000000000,0.000000000000
1387420934,149999.000000000000,0.030000000000
1387420987,149996.000000000000,0.340000000000
1387421010,149996.000000000000,0.030000000000
1387421096,149996.000000000000,0.040000000000
1387421136,149992.000000000000,0.150000000000
1387421162,147000.000000000000,0.060000000000
1387421163,147000.000000000000,0.220000000000
1387421489,146999.000000000000,0.100000000000
1387421489,147000.000000000000,0.110000000000
1387421508,147000.000000000000,0.050000000000
1387421622,146999.000000000000,0.100000000000
1387421666,143000.000000000000,0.200000000000
1387421666,142062.000000000000,1.800000000000
1387421681,142066.000000000000,0.200000000000
1387421681,142065.000000000000,0.290000000000
1387421686,142065.000000000000,0.150000000000
1387421729,140501.000000000000,1.000000000000
1387421732,140501.000000000000,0.500000000000
1387421860,146995.000000000000,0.030000000000
1387421861,146995.000000000000,0.230000000000
1387421919,146992.000000000000,0.110000000000
1387421929,141500.000000000000,0.190000000000
1387421932,141500.000000000000,0.130000000000
1387421947,140451.000000000000,0.170000000000
1387421963,140450.000000000000,0.240000000000
1387422031,145000.000000000000,0.030000000000
1387422087,144999.000000000000,0.020000000000
1387422096,144999.000000000000,0.330000000000
1387422109,144999.000000000000,0.040000000000
1387422114,144999.000000000000,0.240000000000
1387422114,145000.000000000000,0.000000000000
1387422168,138797.000000000000,0.100000000000
1387422286,144996.000000000000,0.100000000000
1387422286,144997.000000000000,0.030000000000
1387422307,143000.000000000000,0.060000000000
1387422391,143000.000000000000,0.110000000000
1387422556,143000.000000000000,0.090000000000
1387422623,143000.000000000000,0.220000000000
1387422623,145000.000000000000,0.030000000000
1387422666,145000.000000000000,0.240000000000
1387422686,145000.000000000000,0.240000000000
1387422822,145000.000000000000,0.120000000000
1387422836,145000.000000000000,0.150000000000
1387423037,145000.000000000000,0.090000000000
1387423073,149976.000000000000,0.120000000000
1387423211,148000.000000000000,0.100000000000
1387423360,148000.000000000000,0.020000000000
1387423405,148000.000000000000,0.040000000000
1387423560,148000.000000000000,0.130000000000
1387423677,148000.000000000000,0.150000000000
1387423797,148000.000000000000,0.150000000000
1387423934,148000.000000000000,0.220000000000
1387423934,148000.000000000000,0.010000000000
1387423965,148000.000000000000,0.150000000000
1387423972,148000.000000000000,0.190000000000
1387424046,148000.000000000000,0.150000000000
1387424046,149976.000000000000,0.000000000000
1387424183,147999.000000000000,0.230000000000
1387424367,147000.000000000000,0.020000000000
1387424369,147000.000000000000,0.230000000000
1387424391,147000.000000000000,0.070000000000
1387424402,147000.000000000000,0.120000000000
1387424457,147000.000000000000,0.050000000000
1387424457,147999.000000000000,0.020000000000
1387424521,147999.000000000000,0.080000000000
1387424681,147000.000000000000,0.050000000000
1387424970,147000.000000000000,0.030000000000
1387425113,147000.000000000000,0.230000000000
1387425153,146990.000000000000,0.030000000000
1387425162,147000.000000000000,0.150000000000
1387425182,147000.000000000000,0.030000000000
1387425182,148000.000000000000,0.060000000000
1387425210,148000.000000000000,0.150000000000
1387425261,148000.000000000000,0.160000000000
1387425376,148000.000000000000,0.220000000000
1387425377,138809.000000000000,0.690000000000
1387425377,138808.000000000000,1.000000000000
1387425377,138803.000000000000,0.310000000000
1387425377,138802.000000000000,0.000000000000
1387425529,138802.000000000000,0.130000000000
1387425545,147999.000000000000,0.150000000000
1387425566,147999.000000000000,0.040000000000
1387425577,138802.000000000000,0.250000000000
1387425577,138797.000000000000,0.020000000000
1387425577,138797.000000000000,0.030000000000
1387425577,138796.000000000000,0.110000000000
1387425580,147999.000000000000,0.150000000000
1387425627,147999.000000000000,0.150000000000
1387425774,138802.000000000000,0.100000000000
1387425798,147999.000000000000,0.160000000000
1387425840,147999.000000000000,0.230000000000
1387426401,152995.000000000000,0.070000000000
1387426641,151999.000000000000,0.140000000000
1387426641,152000.000000000000,0.010000000000
1387426683,152000.000000000000,0.330000000000
1387426741,152000.000000000000,0.030000000000
1387426759,152000.000000000000,0.130000000000
1387426759,152995.000000000000,0.010000000000
1387426839,152000.000000000000,0.060000000000
1387426869,152000.000000000000,0.170000000000
1387427113,152000.000000000000,0.150000000000
1387427169,152000.000000000000,0.030000000000
1387427312,152000.000000000000,0.150000000000
1387427421,152000.000000000000,0.020000000000
1387427421,152000.000000000000,0.010000000000
1387427445,140003.000000000000,0.040000000000
